1678 2717
755 137 799 172 19

185 256 229 290 're
255 250 391 287 humo.
448 249 523 285 Ον.
554 247 637 284 Am.
668 250 705 294 3,
735 250 847 296 5,-20
875 256 1004 288 terrae
1034 250 1235 301 deponere
1271 261 1405 304 caput.

174 303 265 343 heb.
312 301 347 346 7,
389 298 465 336 755
509 299 694 339 Sternere
736 307 896 351 terrae„
933 302 993 341 Cf.
1032 302 1144 355 Virg.
1173 307 1218 344 A.
1252 311 1311 350 11,
1340 306 1404 344 87.

136 356 264 397 Theb.
295 354 334 400 5,
362 351 441 390 573
471 351 561 390 solo
589 352 721 405 figere.
805 355 840 403 7,
868 355 958 395 801.
1015 355 1132 400 9,·89
1161 358 1333 397 collecta
1359 367 1405 397 ut

140 415 306 462 pectora
334 418 496 456 parmae
523 405 684 445 Fixerat
712 408 762 446 cf.
807 408 894 448 silv.
925 409 961 452 3,
992 408 1028 454 5,
1059 409 1122 448 55.
1179 410 1215 457 3,
1249 416 1281 457 1,
1318 412 1401 451 148.

133 462 262 503 Theb.
293 463 327 506 2,
357 462 446 498 605.
473 471 675 498 murmura
708 460 849 512 figere:
894 462 994 501 Ach.
1041 467 1073 506 1,
1110 460 1188 500 380
1225 465 1402 503 auribus.

135 515 274 556 oscula
301 512 440 563 figere:
470 510 598 550 Theb.
633 517 691 559 12,
721 517 769 552 27
814 514 1060 554 vulneribus.
1092 514 1168 554 Ov.
1188 516 1243 557 M.
1275 521 1309 564 3,
1353 521 1401 556 25

62 559 66 562 ’
134 576 274 609 terrae,
331 564 565 613 (Translata
591 566 759 605 notione
787 567 939 614 „fixus“
968 572 1029 606 est
1056 568 1228 615 „firmus,
1262 576 1401 609 ratus‘·

133 623 183 662 ef.
208 619 340 661 Theb.
372 621 407 663 6,
439 621 525 657 394.
552 618 609 657 nil
638 618 760 659 fixum
778 620 902 661 cordi.
960 621 1056 659 Silv.
1074 626 1104 667 1,
1132 624 1167 666 2,
1199 627 1261 663 58.
1290 625 1402 662 cordi

131 677 212 714 fixa
240 672 457 720 voluntas).
513 671 625 723 Virg.
653 673 700 710 A.
735 677 771 718 6,
803 677 877 711 652
920 680 1049 711 terrae
1078 673 1233 712 defixae
1259 675 1403 714 hastae

132 728 206 767 Ov.
246 727 299 764 M.
342 723 392 762 cf.
426 728 484 768 11,
524 728 571 763 76
640 725 734 765 Met.
780 730 815 770 9,
863 729 911 765 84
954 737 1107 764 cornua
1145 724 1231 777 figit
1265 727 1401 768 humo.

135 787 170 826 5,
204 784 295 819 647.
322 778 519 828 Spargere
535 776 674 817 humo.
729 778 839 818 Fast.
872 783 907 825 2,
940 783 1028 819 648.
1086 778 1214 818 Theb.
1247 784 1282 825 2,
1313 785 1401 820 647.

135 839 194 878 10,
236 836 324 871 517.
354 835 388 876 6,
426 833 474 868 89
513 832 779 881 praecipitare
816 831 913 872 solo.
971 837 1006 875 8,
1044 834 1122 870 466
1158 831 1403 872 descendere

129 889 273 938 pont0.
333 888 365 929 3,
405 886 452 922 57
483 882 639 934 pelago,
701 889 758 930 11,
794 888 882 923 276.
919 883 994 925 Ov.
1032 883 1126 922 Her.
1166 889 1225 931 14,
1256 889 1297 932 25
1334 888 1402 938 ju-

129 940 226 990 gulo
274 936 479 974 demittere
517 935 678 974 ferrum.
733 937 829 974 Met.
872 942 930 983 13,
958 941 1057 975 436.
1097 940 1155 981 12,
1184 940 1272 976 278.
1331 940 1401 977 Sil.

128 992 176 1030 It.
208 994 242 1035 5,
274 993 363 1028 353.
392 986 569 1024 Proinde
597 987 695 1038 polo
725 994 908 1027 crescant
935 989 1058 1040 Alpes
1087 989 1288 1041 astrisque
1332 1005 1399 1030 co-

128 1056 270 1083 ruscos
298 1039 536 1092 Apenninus
564 1046 657 1092 agat
695 1042 904 1092 scopulos.
966 1048 996 1088 1,
1029 1049 1044 1080 1
1095 1041 1245 1081 Ordior
1281 1057 1399 1089 arma,

130 1096 277 1150 quibus
307 1093 420 1133 coelo
442 1105 486 1131 se
513 1093 642 1144 gloria
669 1093 775 1133 tollit
791 1095 1037 1135 Aeneadum.
1071 1100 1103 1139 1,
1134 1099 1223 1134 277.
1258 1101 1290 1140 1,
1309 1103 1399 1137 370.

134 1159 164 1198 1,
194 1153 283 1189 508.
316 1151 376 1193 12,
404 1151 494 1186 410.
524 1151 563 1184 et
609 1146 812 1187 Drakenb.
842 1148 896 1187 ad
924 1153 958 1195 5,
979 1154 1066 1189 353.
1098 1147 1227 1187 Theb.
1260 1154 1293 1196 7,
1322 1156 1398 1192 435

128 1201 403 1252 Praecipitant
431 1199 564 1237 cuncti
591 1198 714 1238 fluvio
745 1201 820 1240 Ov.
850 1203 903 1241 Μ.
933 1209 969 1246 4,
992 1206 1053 1240 92.
1084 1202 1172 1240 silv.
1203 1207 1238 1247 3,
1268 1206 1303 1247 2,
1350 1210 1397 1245 29

127 1258 226 1295 Pars
257 1254 440 1292 demittat
467 1252 582 1303 aquis
612 1265 756 1292 curvae
782 1254 1055 1292 moderamina
1081 1254 1249 1305 puppis.

235 1306 442 1345 Audacius
471 1304 662 1359 loquendi
691 1319 817 1358 genus
848 1308 1108 1359 cognoscitur
1136 1309 1177 1345 in
1206 1307 1292 1346 his:

181 1361 310 1400 Theb.
342 1365 376 1405 5,
406 1363 493 1397 351.
524 1371 604 1409 qua
629 1358 749 1410 longe
778 1360 922 1411 pelago
954 1361 1170 1411 despectus
1200 1366 1354 1411 aperto.

179 1412 307 1451 Theb.
339 1417 375 1458 4,
418 1414 505 1451 239.
537 1410 614 1458 Qui
643 1416 692 1458 te,
732 1411 847 1458 slave,
876 1417 1028 1458 natant,
1074 1414 1191 1451 terris
1220 1413 1394 1465 Alphee,

890 1466 1046 1505 Sicanis
1075 1466 1243 1504 Advena

179 1519 296 1557 Adde
327 1517 402 1556 Ov.
435 1517 487 1554 M.
519 1522 553 1560 9,
584 1520 672 1555 210.
705 1521 739 1563 2,
770 1522 860 1557 580.

180 1571 293 1623 Virg.
323 1571 421 1609 Aen.
449 1574 484 1615 5,
516 1573 605 1609 451.

176 1625 276 1664 Aah.
308 1628 341 1671 2,
375 1629 421 1661 10
449 1623 487 1660 It
519 1623 666 1675 pelago
718 1635 858 1661 secura
898 1625 1007 1662 ratis.
1046 1625 1145 1662 silv.
1192 1630 1224 1668 1,
1256 1629 1290 1671 2,
1320 1629 1394 1662 212

884 1675 941 1714 ire
970 1676 1068 1726 polo
1086 1677 1126 1725 θ).
1199 1686 1203 1689 “

123 1825 234 1866 Pergit
255 1825 338 1855 enim
361 1827 474 1866 poeta:
497 1823 552 1855 dat
574 1825 687 1866 operta
709 1822 873 1897 fragorem
894 1823 994 1855 Pinus
1010 1821 1211 1865 etz-abjunctis
1227 1826 1400 1865 regemunt

125 1866 269 1898 tabulata
291 1867 438 1898 cavernis
461 1866 609 1900 Similiter
631 1865 733 1898 Theb.
779 1889 788 1905 ,
810 1864 873 1897 536
896 1866 936 1897 ds
958 1865 1097 1907 quercu:

206 1908 298 1941 Illam
319 1913 485 1940 nutantem
506 1918 620 1940 nemus
644 1911 678 1939 et
697 1918 791 1939 mons
813 1908 885 1949 ipsa
905 1908 1059 1939 tremiscit

209 1950 282 1988 Qua
302 1951 416 1982 tellure
438 1951 541 1988 eadat,
565 1960 646 1992 quas
669 1949 785 1981 obruat
806 1950 919 1981 ordine
942 1950 1051 1982 silvas.

229 1993 280 2025 De
301 1992 406 2025 forma
437 1993 551 2032 humi·
567 1993 599 2024 in
623 1991 731 2024 verbis
756 1996 877 2024 motum
929 1992 960 2024 ui
988 1992 1025 2023 fit
1050 1991 1092 2023 ad
1112 1991 1219 2023 locum
1258 1990 1397 2034 aliquem

122 2035 380 2078 significantibus
409 2036 551 2078 disputat
577 2034 722 2067 Ruddim.
750 2034 790 2066 11.
820 2045 842 2077 p
883 2034 902 2067 2
927 2037 945 2066 2
975 2039 1042 2067 not.
1065 2034 1095 2072 5,
1117 2034 1173 2066 ubi
1194 2034 1280 2066 hunc
1302 2043 1395 2066 usum
1422 2065 1424 2067 .

122 2082 171 2109 tot
193 2078 348 2120 exemplis
370 2078 548 2116 illustravit,
576 2081 612 2109 ut
638 2077 679 2109 de
709 2087 748 2109 eo
772 2076 909 2109 dubitari
931 2081 1082 2119 nequeat.
1128 2075 1267 2108 Omnino
1281 2076 1314 2107 in
1336 2076 1397 2107 hac

121 2129 156 2152 re
178 2120 348 2162 plurimum
370 2120 477 2152 valere
499 2119 629 2152 debebit
640 2119 793 2152 librorum
815 2129 892 2151 mss.
915 2120 1099 2157 auctoritas,
1123 2119 1231 2151 sinon
1254 2128 1295 2151 ex
1318 2129 1396 2161 pro-

121 2163 191 2204 prio
215 2163 370 2206 cujusque
393 2163 559 2206 scriptoris
580 2173 642 2194 usu
657 2162 812 2204 judicium
834 2162 907 2195 fieri
929 2167 1038 2205 potest
1079 2161 1129 2193 De
1146 2161 1250 2194 Statio
1264 2161 1394 2203 quidem

121 2206 195 2237 mihi
217 2206 319 2248 liquet
355 2216 396 2237 ex
434 2206 662 2237 observat-ione
694 2206 924 2247 exemplorum,
959 2205 1098 2237 dativum
1132 2214 1261 2246 semper
1283 2203 1326 2236 ob
1352 2214 1390 2235 eo

120 2257 180 2279 usu
222 2254 308 2280 atum
331 2258 415 2287 esse,
447 2248 502 2279 ubi
533 2248 647 2291 reliqui
668 2247 826 2280 interdum
858 2247 974 2286 „humi,
996 2250 1115 2286 terra“,
1145 2246 1252 2279 dicere
1275 2246 1395 2279 solent.

119 2289 172 2322 Sic
226 2291 285 2333 irg.
307 2291 346 2324 A.
371 2291 401 2329 5,
425 2291 496 2324 57⁷.
543 2291 571 2330 1,
596 2290 666 2323 192.
691 2289 751 2322 Ov.
774 2289 820 2324 M.
841 2289 872 2328 3,
899 2289 968 2322 105.
1012 2290 1043 2329 5,
1069 2289 1141 2330 191‚

206 2343 234 2384 ⁸)
257 2343 411 2375 Subtilius
434 2353 529 2385 quam
552 2343 658 2374 verius
679 2342 719 2373 de
741 2342 802 2373 hoe
824 2351 944 2384 genere
964 2341 1061 2374 dativi
1083 2342 1225 2385 disputat
1245 2340 1394 2372 Handius

121 2385 154 2416 in
174 2388 253 2416 nota
282 2385 323 2416 ad
345 2385 489 2417 Gronov.
518 2384 618 2417 Diatr.
642 2384 720 2416 Stat.
744 2395 776 2426 p.
799 2383 857 2419 362
887 2384 1114 2424 „Grammatiei
1143 2383 1270 2426 quidem
1297 2392 1393 2426 prae·

125 2427 256 2469 cipiunt,
279 2427 417 2459 dativum
440 2427 525 2470 apud
546 2431 661 2469 poetas
682 2427 726 2458 ita
746 2429 906 2470 usurpari,
927 2431 963 2459 ut
985 2428 1053 2466 „ire
1075 2427 1199 2465 eastris,
1221 2427 1269 2458 ire
1291 2426 1394 2468 polo“
