1678 2717
702 164 751 204 25

91 279 186 320 uilia
221 281 514 319 transferantur
541 284 593 321 ad
619 284 764 329 filium,
798 289 845 321 ut
879 284 1016 321 cervix
1042 283 1179 321 matris
1211 283 1356 320 intelli-

92 334 224 385 genda
262 333 332 376 si-t,
371 346 490 383 quam
519 332 599 386 quo
635 336 909 374 vehementius
953 335 1111 373 amabat
1154 334 1273 379 filius,
1308 347 1357 372 eo

91 387 252 426 facilius
281 385 428 425 adduci
457 393 628 439 poterat,
663 394 709 427 ut
743 388 958 427 monilibus
991 388 1084 427 inde
1119 389 1260 427 sumtis
1294 401 1358 426 or-

94 442 181 476 nari
210 451 254 476 se
286 444 501 489 pateretur.
568 442 685 479 Hanc
722 441 881 492 quidem
920 442 1156 479 sententiam
1192 447 1356 478 secutus

92 503 182 529 esse
207 490 367 530 videtur
393 498 527 543 poeta.
582 493 684 531 Nam
709 494 921 545 quominus
940 494 1139 546 intelligas
1168 494 1360 532 cervicem

91 543 161 581 filii
187 543 229 581 in
257 554 374 594 quam
402 545 564 582 monilia
591 547 897 592 transferuntur,
925 547 1061 584 obstat
1096 548 1156 584 vis
1180 546 1361 590 ablativi,

17 617 21 621 ·
93 598 274 646 quamvis
302 598 363 634 sic
390 597 505 634 etiam
535 598 760 649 expeditior
787 611 931 636 sensus
959 598 1190 636 efficeretur.
1218 621 1270 626 —

200 648 394 703 Superest
428 649 468 687 in
503 649 579 688 hac
616 650 665 688 de
709 651 846 689 dativo
897 651 1146 701 quaestioae,
1182 657 1229 688 ut
1264 664 1359 689 enu-

93 714 288 739 meramus
333 703 510 752 specium
550 704 751 753 quandam
794 703 1007 740 verborum
1049 703 1160 752 apud
1188 703 1359 740 Statium

93 766 249 804 semper
276 758 517 792 structuram
545 767 738 807 graecam,
767 760 811 792 ut
838 754 961 806 vulgo
1000 759 1156 806 putant,
1191 767 1360 806 sequen-

93 806 202 846 tium.
259 806 511 859 Quamquam
539 808 841 847 concedendum
874 821 956 846 non
992 813 1064 854 est,
1098 821 1216 846 usum
1249 808 1360 846 illum

93 861 255 897 omnino
305 861 491 911 prodisse
534 874 556 898 e
603 861 740 913 lingua
793 873 952 912 graeca,
1012 873 1116 911 quae
1170 866 1210 897 et
1235 863 1269 898 si
1309 861 1362 898 ad

92 924 180 950 eum
209 913 491 952 stabiliendum
518 926 702 966 magnam
729 913 809 952 vim
842 912 1031 951 habuisse
1065 912 1236 959 videtur,
1271 914 1362 964 ipsa

92 969 224 1003 tamen
253 966 492 1018 significatio
521 967 732 1006 verborum
761 980 845 1004 non
864 966 993 1004 aliena
1017 971 1080 1003 est
1108 979 1131 1003 a
1158 968 1199 1004 vi
1228 966 1363 1012 dativi,

94 1030 196 1067 quae
223 1023 285 1055 est
311 1019 353 1055 in
380 1018 519 1069 lingua
545 1019 827 1057 Romanorum.
870 1018 1049 1056 Dicimus
1079 1023 1211 1056 autem
1238 1019 1363 1057 verba

94 1070 369 1123 pugnandi,
420 1072 652 1111 certandi
703 1077 750 1111 et
801 1084 928 1124 quae
971 1076 1089 1110 sunt
1140 1071 1364 1111 eiusdem·

94 1126 313 1175 generis,
341 1125 530 1176 quibus
559 1139 665 1164 cum
695 1125 932 1176 subJecta
968 1127 1036 1162 sit
1070 1127 1148 1163 vis
1183 1125 1359 1164 adver·

94 1177 259 1224 sandi,
287 1180 459 1215 mirum
494 1192 593 1217 non
628 1183 719 1225 est,
755 1178 886 1229 quod
922 1178 1131 1216 serioris
1173 1178 1360 1217 aetatis

95 1232 379 1281 scriptores
438 1231 600 1270 dativi
664 1237 965 1270 structuram
1028 1230 1361 1278 induxerunt,

96 1295 236 1332 quam
275 1284 471 1321 Statius
506 1284 575 1321 ita
603 1284 865 1334 amplexus
902 1287 996 1327 est,
1037 1295 1277 1333 nusquam
1310 1288 1362 1320 ut

96 1334 393 1373 adhibuerit
423 1336 852 1387 praepositionem
889 1348 945 1372 ex
972 1347 1104 1373 more
1123 1337 1359 1387 priorum.

92 1387 345 1439 Pugnare:
383 1388 461 1428 Th.
493 1394 525 1436 3,
562 1393 623 1435 88,
652 1394 687 1434 8,
724 1393 813 1428 289.
868 1387 944 1427 Ov.
979 1388 1033 1426 Μ.
1066 1394 1098 1434 1,
1135 1392 1195 1427 19.
1248 1389 1361 1426 Bel-

95 1441 221 1478 lare:
250 1441 350 1478 Ach.
382 1447 413 1486 1,
444 1445 505 1481 96.
562 1441 640 1480 Th.
669 1442 706 1483 6,
738 1445 826 1480 320.
857 1445 890 1487 8,
920 1444 1008 1478 506.
1046 1440 1081 1486 9,
1114 1444 1172 1479 15.
1207 1440 1241 1487 9,
1272 1444 1360 1480 791.

97 1492 172 1534 Ov.
202 1494 257 1534 M.
291 1498 349 1539 14,
381 1497 467 1533 794.
522 1494 572 1533 Η.
607 1494 684 1534 Od.
724 1498 759 1538 2,
798 1498 832 1540 6,
871 1498 917 1532 15
955 1493 1004 1531 cf.
1054 1492 1192 1534 Lamb.
1226 1493 1363 1535 Burm.

97 1547 149 1585 ad
176 1547 267 1586 Val.
296 1546 355 1587 Fl.
387 1552 422 1593 5,
453 1552 542 1586 654.
596 1548 646 1587 N.
675 1547 815 1586 Heius.
844 1548 885 1584 in
912 1545 1137 1587 Advers.n.
1158 1551 1217 1586 10.
1248 1547 1362 1586 Cer—

97 1608 229 1637 tare:
276 1600 374 1639 Silv.
417 1606 448 1644 1,
486 1606 519 1646 3,
556 1605 591 1638 4.
651 1606 682 1637 1.
722 1600 757 1646 2,
795 1603 841 1637 87
888 1599 937 1636 cf.
975 1599 1025 1636 de
1062 1601 1259 1637 sententia
1287 1599 1364 1640 Ov.

96 1652 190 1692 Her.
223 1657 281 1698 18,
311 1656 398 1691 215.
425 1675 478 1680 —
507 1652 603 1692 Silv.
639 1658 674 1698 4,
711 1656 744 1698 6,
783 1656 817 1690 7.
875 1656 909 1698 4,
945 1655 978 1697 6,
1014 1654 1077 1691 22.
1134 1656 1168 1697 5,
1205 1657 1239 1699 3,
1279 1656 1364 1691 191.

98 1705 175 1745 Th.
207 1710 240 1751 9,
269 1705 357 1743 247.
417 1710 474 1751 10,
504 1709 592 1744 231.
650 1708 683 1751 2,
712 1708 802 1743 215.
858 1704 1089 1742 Luctari:
1123 1704 1200 1743 Th.
1237 1710 1272 1751 4,
1300 1709 1364 1744 43.

100 1762 133 1804 9,
163 1762 250 1796 264.
311 1763 369 1804 11,
399 1761 487 1798 522.
545 1757 874 1796 Concurrere:
920 1757 1016 1795 Silv.
1050 1762 1082 1802 1,
1121 1761 1155 1803 2,
1192 1761 1251 1795 39.
1287 1757 1364 1796 Th.

100 1815 135 1855 2,
166 1815 253 1849 510.
312 1815 371 1854 10,
402 1815 490 1850 902.
548 1810 622 1850 ΟΥ.
651 1810 706 1848 Μ.
736 1814 770 1855 5,
800 1813 860 1847 89.
890 1814 924 1855 7,
955 1813 1013 1846 30.
1072 1813 1132 1855 12,
1164 1814 1252 1849 595.
1304 1815 1364 1854 13,

100 1866 187 1902 275.
248 1868 307 1908 14,
337 1866 425 1902 472.
481 1862 596 1900 Alius
625 1862 780 1913 generis
809 1866 881 1906 est,
912 1860 1023 1912 quod
1050 1861 1194 1912 legitur
1222 1862 1301 1902 Th.
1330 1866 1364 1907 2,

100 1919 189 1960 244,
218 1920 371 1953 certant
398 1915 550 1952 laetitia
577 1915 660 1954 scil.
689 1915 792 1952 inter
820 1927 874 1952 se.
903 1914 1029 1951 Porro
1059 1913 1148 1952 silv.
1178 1919 1214 1959 4,
1245 1917 1281 1958 2,
1314 1918 1363 1952 28

100 1967 243 2019 glauca
289 1968 482 2006 certantia
521 1966 674 2006 Doride
711 1979 809 2005 saxa
845 1967 913 2005 ubi
948 1966 1027 2006 abl.
1064 1973 1125 2004 est
1160 1966 1366 2018 qualitatis

99 2026 144 2059 ut
173 2021 447 2073 significentur
473 2033 571 2058 saxa
597 2020 746 2058 Dorica
774 2019 917 2071 glauco
948 2020 1094 2058 colore.
1151 2020 1219 2057 Sic
1245 2020 1367 2057 inter-

101 2074 196 2112 dum
237 2074 348 2126 apud
375 2078 519 2126 poetas
547 2073 682 2112 nudus
710 2072 788 2111 abl.
817 2072 982 2124 ponitur
1016 2072 1108 2111 loco
1145 2071 1365 2124 adjectivo-

100 2141 204 2167 rum:
241 2128 374 2168 Plaut.
409 2129 480 2167 As.
510 2132 545 2173 2,
575 2132 611 2173 4,
643 2131 688 2166 91
719 2127 921 2166 Mercator
953 2125 1101 2164 Rhodo
1138 2126 1286 2164 Bacch.
1332 2130 1367 2172 2,

103 2185 137 2225 2,
180 2185 227 2218 53
275 2181 439 2232 Hospes
479 2180 654 2231 Epheso.
696 2179 819 2218 Mero.
870 2184 903 2226 5,
945 2183 979 2224 2,
1023 2182 1204 2217 98-102
1247 2179 1368 2217 Truc.

102 2236 136 2280 2,
166 2237 200 2280 6,
229 2237 290 2273 59.

206 2339 274 2380 De
303 2343 604 2381 accusativo
633 2341 793 2380 Gracc
831 2339 910 2379 vel
944 2354 1023 2379 res
1036 2342 1240 2392 pectivo
1283 2338 1363 2377 dis-

102 2393 261 2433 serendi
296 2407 386 2433 cum
420 2397 672 2434 occasionem
709 2393 805 2433 mihi
850 2392 1038 2433 offerrent
1074 2393 1153 2431 loci
1189 2391 1364 2443 quidam,

103 2447 152 2485 de
176 2448 322 2499 quibus
351 2448 455 2486 infra
471 2447 703 2499 disputabo,
720 2460 866 2498 operae
882 2449 1051 2497 pretium
1072 2458 1134 2483 me
1148 2445 1366 2483 fracturum

1098 2512 1117 2540 4
