1678 2717
738 130 786 166 29

137 253 213 285 tem
241 246 426 284 fuscatur
455 244 560 282 oliva
589 248 713 291 7,244
741 249 897 281 teneras
918 243 1146 283 defenditur
1168 252 1252 282 atra
1276 245 1396 282 'veste

135 312 258 351 genas
287 303 323 341 9,
358 300 433 337 766
462 296 614 349 Figitur
628 310 713 335 xora
738 297 885 335 Lamus
908 302 939 340 1,
971 302 1045 337 511
1075 297 1254 335 imbelles
1283 298 1396 349 galea

137 351 340 390 violabere
376 351 499 388 vittas
533 355 577 394 2,
613 350 688 391 '185
727 351 912 400 pectique
948 351 1070 401 jubas
1116 350 1395 400 hominemque

136 405 260 442 vereri
293 401 481 443 Edidicit.
539 403 667 442 Theb.
707 407 741 449 3,
779 406 852 442 '709
897 415 1018 453 genas
1057 403 1261 453 fulgebitis
1295 416 1394 441 auro

138 462 173 501 4,
193 460 282 495 261.
308 454 536 493 Flaventem
566 456 729 494 sordere
758 467 909 492 comam
940 460 972 501 6,
989 460 1066 496 '724
1079 466 1279 494 extremos
1294 469 1392 493 auro

136 513 415 548 mansuaverat
442 521 608 560 ungues

239 614 446 666 Segregari
476 614 594 653 debet
623 615 672 653 ab
702 618 932 653 accusativo
972 614 1126 653 Graeco
1157 629 1228 654 seu
1255 620 1392 667 respe-

133 670 242 706 ctivo
272 669 427 719 species
453 667 533 714 illa,
568 670 607 705 in
637 681 717 719 qua
745 667 997 706 accusativus
1026 681 1049 705 a
1075 669 1199 707 verbo
1229 672 1393 719 passivo

132 726 253 771 aptus
281 733 361 758 non
393 733 451 765 e0‚
481 733 561 770 quo
591 734 715 770 supra
742 721 838 763 dixi,
874 719 994 757 modo
1032 720 1328 758 substantivum
1355 726 1395 758 et

132 773 216 822 ejus
246 772 481 810 attributum
510 774 613 809 inter
641 785 684 810 se
716 773 862 824 jungit,
891 771 963 809 sed
983 772 1111 822 ipsius
1140 773 1287 824 objecti
1315 773 1391 811 vim

133 826 253 864 habet
281 827 462 877 proxime
490 838 513 863 a
541 825 664 864 verbo
695 825 918 877 pendentis.

235 879 296 916 De
325 892 407 929 quo
436 892 518 916 non
546 884 653 916 reete
681 879 943 929 praecipiunt,
972 879 1037 927 qui
1062 878 1231 915 medium
1263 876 1393 930 quod-

131 930 221 969 dam
266 943 392 983 genus
428 931 539 970 verbi
590 930 643 969 ad
691 930 985 970 similitudinem
1023 929 1182 982 linguae
1218 930 1395 970 Graecae

134 985 391 1022 statuendum
421 984 561 1022 dicunt
589 989 639 1032 (v.
669 984 874 1023 Kuehneri
892 996 1053 1035 gramm.
1083 985 1150 1022 lat.
1180 988 1292 1032 §112
1312 990 1393 1023 not.

135 1040 215 1086 14,)
297 1037 423 1074 Dico
468 1042 627 1074 autem
681 1038 835 1075 verba
887 1036 1140 1082 „induere2
1190 1050 1392 1081 exuere,

131 1089 329 1127 amicire
358 1094 406 1127 et
434 1102 556 1141 quae
591 1094 709 1128 sunt
749 1089 939 1128 similis
981 1091 1218 1128 notionis.
1275 1089 1392 1129 Per·

131 1144 296 1182 tinent
324 1144 449 1181 enim
480 1157 533 1181 ea
561 1145 620 1182 ad
650 1145 867 1195 speciem
894 1145 1179 1188 verborum,
1210 1145 1392 1194 quibus

130 1197 176 1233 in
205 1209 383 1247 genere
412 1197 581 1233 activo
611 1196 796 1246 duplex
826 1196 1150 1233 accusativus
1180 1196 1389 1248 adjungi

131 1248 287 1294 solet,
326 1249 453 1287 alter
493 1262 765 1301 personae,
807 1249 935 1287 alter
974 1250 1062 1296 rei,
1104 1251 1152 1287 vi
1182 1249 1389 1301 quadam

130 1303 445 1340 immanentis
483 1304 789 1345 accusativi.
829 1315 966 1353 quem
1008 1302 1203 1346 dicunt,
1249 1304 1390 1353 quasi

130 1356 216 1392 sit:
258 1354 497 1398 „induere
537 1355 747 1406 aliquem
777 1354 1009 1405 aliquid“
1054 1366 1156 1405 quae
1190 1358 1394 1393 structura

130 1420 217 1445 cum
247 1409 286 1445 in
317 1407 449 1445 activo
476 1418 620 1458 genere
647 1408 903 1456 inusitatam)
946 1409 1007 1453 sit,
1036 1412 1167 1445 tamen
1195 1410 1391 1446 accusati-

131 1474 203 1498 vus
231 1461 287 1498 rei
324 1460 463 1498 formis
499 1461 674 1511 passivis
710 1461 924 1511 adjunctus
959 1473 1042 1497 non
1072 1460 1187 1497 aliam
1218 1460 1392 1498 admittit

129 1512 445 1563 explicationem.
527 1512 656 1552 Theb.
703 1519 736 1557 1,
778 1513 855 1551 485
898 1513 1054 1550 leonem
1091 1514 1260 1551 vestitur
1300 1515 1324 1551 i.
1357 1526 1391 1550 e.

130 1565 271 1617 pellem
299 1565 428 1603 leonis
460 1569 494 1609 2,
526 1565 575 1603 96
604 1566 780 1605 Tiresiae
808 1565 944 1604 vultus
961 1578 1177 1617 vocemque
1191 1571 1231 1603 et
1247 1566 1393 1604 vellera

129 1622 226 1656 nota
252 1618 439 1655 Indutiur
474 1618 524 1657 cf.
555 1618 590 1663 7,
623 1622 708 1656 127.
753 1623 788 1659 6,
818 1618 894 1656 733
911 1617 1104 1669 Tegmina
1131 1619 1257 1656 cruda
1270 1620 1390 1657 boum

131 1670 310 1709 induitur
348 1670 396 1708 cf.
428 1669 502 1708 Ov.
532 1670 588 1710 Μ.
618 1670 654 1713 2,
684 1674 772 1709 425.
830 1671 866 1714 2,
896 1670 985 1708 850.
1046 1671 1078 1715 1,
1097 1670 1186 1710 270.
1244 1677 1280 1715 4,
1301 1676 1388 1710 481.

127 1723 162 1766 5,
192 1723 254 1762 51.
319 1723 355 1767 7,
395 1722 481 1760 182.
540 1727 573 1769 6,
610 1723 700 1763 568.
760 1724 818 1770 11,
849 1728 937 1762 203.
997 1728 1054 1767 11,
1088 1722 1175 1763 589.
1235 1724 1294 1767 14,
1324 1725 1388 1763 45.

132 1780 189 1821 14,
218 1779 306 1815 262.
387 1776 500 1827 Virg.
529 1776 576 1814 A.
607 1775 643 1819 2,
672 1776 761 1814 293.
845 1776 881 1821 7,
912 1775 1000 1814 638.
1075 1776 1202 1814 Theb.
1235 1782 1269 1821 3,
1312 1777 1390 1815 426

126 1829 247 1867 Fama
275 1841 378 1867 sono
407 1831 542 1867 varios
576 1841 705 1867 rerum
743 1831 949 1867 succincta
984 1829 1190 1869 tumultus.
1248 1835 1283 1875 6,
1313 1830 1389 1869 835

126 1882 320 1920 terrificos
351 1884 519 1919 amictus
548 1885 708 1919 exuitur
735 1885 988 1933 patriumque
1016 1895 1127 1919 suem
1155 1883 1204 1919 cf.
1235 1883 1323 1920 silv.
1356 1889 1388 1923 1.

129 1940 162 1980 3,
193 1939 256 1973 71.
326 1934 402 1972 Th.
438 1939 496 1980 10,
525 1934 602 1972 640
630 1937 785 1985 priores
814 1935 974 1973 exuitur
1008 1934 1155 1974 vultus.
1215 1939 1274 1980 10,
1313 1935 1388 1973 647

126 1986 514 2040 Amphitryoniaden
553 1993 717 2026 exutum
750 1987 957 2027 horrentia
993 1993 1103 2040 terga
1141 1988 1189 2028 cf.
1227 1989 1301 2027 Ov.
1333 1989 1387 2027 M.

126 2041 160 2085 7,
193 2045 280 2079 318.
309 2063 361 2069 -—
389 2041 590 2080 Usitatam
637 2041 818 2079 Ciceroni
863 2047 1101 2080 structuram
1140 2041 1304 2080 ablativi
1332 2044 1385 2080 rei

126 2093 268 2133 habes:
297 2093 373 2136 Th.
404 2098 439 2139 6,
469 2093 519 2131 30
548 2098 693 2132 exutus
721 2093 878 2133 honoro
894 2095 1096 2133 Vittarum
1113 2108 1217 2132 nexu
1233 2097 1389 2145 genitor

125 2147 172 2184 cf.
204 2147 292 2185 silv.
324 2150 358 2193 2,
386 2152 423 2186 2.
455 2151 513 2185 22.

227 2198 340 2236 Alius
369 2204 430 2236 est
456 2212 555 2236 usus
583 2199 622 2236 in
651 2199 762 2246 locis,
792 2214 895 2252 quos
923 2212 1046 2251 supra
1074 2200 1291 2245 attulimus,
1319 2201 1386 2238 ubi

124 2251 380 2291 accusativus
409 2252 609 2304 significat
636 2266 783 2305 corpus
810 2254 873 2293 vel
897 2259 1049 2304 partem
1069 2253 1264 2305 corporis,
1286 2267 1386 2305 quae

166 2426 179 2454 t
209 2378 252 2455 ἕξ
273 2378 356 2411 Vide
382 2384 487 2411 tamen
510 2380 664 2422 quaedam
688 2379 755 2411 eius
777 2379 911 2422 vestigia
934 2381 1017 2424 apud
1042 2380 1182 2412 Ruddim.
1207 2378 1245 2410 11.
1268 2388 1288 2421 p
1325 2378 1385 2409 177

123 2433 164 2454 no
181 2446 189 2456 .
255 2448 261 2455 .
