1678 2717
743 130 788 165 31

134 240 321 279 damanta
347 239 512 292 figuras.
543 240 639 282 Silv.
670 247 704 288 2,
734 247 769 287 3,
800 247 847 280 53
876 242 950 280 Illa
964 242 1028 281 dei
1047 247 1202 281 veteres
1218 242 1393 281 animata

136 294 368 342 ealores¹⁸).
424 293 483 334 Cf.
513 295 628 333 etiam
656 295 691 333 T
693 308 751 335 ae.
780 295 883 334 Hist.
915 302 950 341 3,
982 297 1039 334 24.

136 420 244 451 fronte
267 423 408 451 cornua“
431 420 614 451 referuntur
635 421 675 452 ad
696 421 857 462 Antiopae
878 425 1050 463 struprum,
1073 422 1122 453 hic
1144 432 1163 453 a
1184 421 1334 464 Europae
1360 440 1398 447 -

137 461 200 493 illic
224 460 291 494 scil.
314 462 347 493 in
368 462 457 493 initio
479 462 563 494 tertii
586 462 697 494 scholii
718 463 818 494 verba
839 463 1057 505 „deceptaque
1079 464 1230 495 fulmina“
1275 465 1317 495 ad
1338 464 1398 496 Se·

133 502 238 534 melen
261 513 276 534 s
301 503 477 542 eetant,hic
497 503 539 535 ad
549 503 680 537 Ledam.
701 504 802 536 Simul
825 506 917 537 etiam
927 506 1131 548 perspicuum
1153 509 1211 544 est,
1234 511 1398 539 auctorem

135 545 220 577 tertii
243 513 354 578 scilolii
376 546 408 577 in
430 545 538 578 verbis
559 552 675 589 poetae
685 546 805 590 legisse
831 547 930 587 „dece
953 553 1049 591 taque
1071 548 1238 581 flumina
1258 549 1343 581 vidi“
1367 554 1400 581 et

132 591 342 663 pffopterequr
337 589 377 620 de
404 588 510 638 Ifedae
527 597 656 661 :tupro
678 590 881 664 οοςῗαῖἰεεὲ.
915 601 995 664 1¹mee
1016 591 1340 666 ηουτῖοῗωῗὸιάἓιόῗ
1357 602 1398 665 ἕο

132 640 373 705 lfabualllnfiedge
395 641 959 716 ¹³:512?gufflgegogastastuzreolore“
985 642 1067 706 ecliiffl
1087 643 1208 706 εοὶξοίίο
1242 644 1400 718 :propi-ies

134 715 263 753 dictum,
286 717 360 757 quia
381 726 448 748 non
470 727 508 759 cy
533 726 593 747 uus
615 717 674 748 sed
694 716 844 760 Juppiter
864 717 897 747 in
920 727 1056 758 cygnum
1084 727 1197 748 versus
1219 718 1259 748 ad
1280 717 1399 749 Ledam

133 760 296 789 venerat.“
340 757 406 790 Sed
427 768 494 790 non
527 760 589 790 icet
609 758 650 789 de
672 757 761 789 Leda
782 759 933 800 cogitare,
956 758 1010 792 ubi
1031 758 1187 797 Ismenus,
1210 759 1298 790 fluvii
1319 759 1399 791 deus

136 800 304 842 increpans
325 799 440 833 Jovem
464 801 533 843 ejus
555 804 667 843 stupra
689 805 862 840 enumerat,
885 801 999 842 quibus
1023 811 1058 832 se
1071 801 1231 843 hospitem
1243 801 1287 833 ait
1297 800 1399 834 fuisse

134 846 166 873 et
187 843 359 876 conscium.
403 844 488 875 Nam
509 843 617 875 Ledae
631 847 776 885 stuprum
799 843 918 874 factum
942 854 1014 875 esse
1026 848 1153 875 constat
1172 843 1214 875 ad
1234 843 1398 885 Amyclas,

132 883 187 914 lon
212 893 228 914 e
251 889 375 915 remota
397 896 417 916 a
437 885 568 922 Thebis,
591 885 644 915 ubi
665 885 812 916 Ismenus
835 889 886 915 est
905 885 995 923 deus,
1007 886 1147 926 regione.
1192 885 1270 915 Inde
1282 884 1400 917 Castor

133 929 165 956 et
214 925 303 957 ollux
344 927 491 970 Amyclei
534 927 652 959 stau-es
696 926 853 958 nominari
897 926 1003 958 solent
1046 926 1115 960 vid..
1158 926 1261 960 Theb.
1281 926 1313 966 7,
1334 926 1398 959 413

135 971 167 999 et
188 978 217 1000 v.
244 968 313 1000 163.
359 969 477 1002 Contra
501 980 584 1012 quae
626 969 654 1000 T
657 969 781 1001 hebana
802 969 934 1011 regione
963 969 1047 1000 facta
1070 973 1143 1000 suut
1176 976 1288 1010 stupra
1321 979 1399 1001 enu-

131 1011 374 1084 ssfirztayides,
392 1012 505 1044 eodem
518 1011 599 1051 fere,¹
621 1021 683 1053 quo
696 1012 756 1050 hic,
779 1011 891 1043 ordine
912 1011 1065 1043 aBaccho
1078 1010 1193 1043 Jovem
1204 1011 1398 1054 alloquente.

185 1062 202 1084 e
226 1078 234 1086 .
353 1055 372 1085 9
460 1081 466 1087 .

173 1094 233 1127 Hic
255 1053 472 1139 tibi38quasnl³o
495 1097 601 1129 minor
615 1096 683 1140 jam
706 1099 818 1129 nostra
839 1097 992 1138 potentia,
1015 1100 1127 1129 noctes

175 1137 356 1170 Herculeae
377 1140 576 1181 placitusque
598 1149 700 1181 vagae
721 1138 885 1181 Nycteidis
908 1139 1015 1179 ardor,

174 1178 234 1211 Hic
256 1180 387 1223 Tyrium
409 1192 513 1224 genus
535 1186 567 1213 et
588 1186 700 1213 nostro
724 1181 847 1213 felicior
868 1181 943 1223 igne

175 1221 320 1255 Taurus:
354 1224 548 1267 Agenoreos
571 1224 682 1256 saltem
705 1227 809 1255 tutare
831 1227 976 1265 nepotes.

217 1263 377 1301 Quocirca
400 1267 528 1297 omnino
553 1266 722 1296 tenendum
746 1270 797 1296 est
817 1265 1036 1305 „deceptaque
1049 1263 1200 1295 fulmina“
1213 1264 1300 1305 quod
1322 1264 1398 1307 quid

134 1304 184 1343 sit,
207 1306 379 1339 scholiasta
391 1308 508 1340 indicat
528 1308 577 1338 his
600 1307 695 1349 „quia
716 1307 907 1348 indisposite
929 1306 1049 1337 fulmen
1072 1305 1220 1337 Semelen
1230 1306 1395 1339 extinxit.“

133 1346 275 1391 Decepta
312 1350 393 1382 enim
428 1350 560 1382 mimina
573 1350 744 1390 dicuntur,
786 1349 839 1391 qui
873 1348 948 1381 dolo
971 1347 1108 1380 sunonis
1135 1347 1211 1380 Jovl
1234 1353 1398 1392 assumpta

133 1388 261 1422 fuerant
282 1402 348 1424 non
369 1393 410 1425 ad
430 1404 524 1426 usum
543 1397 731 1425 consuetum
755 1392 813 1424 sed
834 1392 875 1424 ad
898 1391 1142 1433 extinguendam
1164 1391 1324 1423 Semelen.

219 1432 314 1471 Quod
337 1445 414 1467 vero
437 1436 477 1467 ad
499 1435 692 1467 scholiorum
714 1434 872 1476 originem
893 1433 1015 1472 attinet,
1036 1433 1163 1464 tertium
1185 1433 1262 1464 illud
1283 1433 1356 1464 inde
1379 1444 1398 1464 a

132 1474 238 1507 verbis
260 1477 414 1518 „primam
437 1488 515 1521 ergo
538 1476 699 1509 iabulam“
721 1476 946 1518 interpolatum
969 1485 1042 1507 esse
1064 1475 1146 1507 dico.

220 1527 261 1569 ¹⁸)
283 1528 493 1562 Marklandus
528 1541 560 1572 p.
582 1529 662 1563 236:
703 1528 796 1568 „Jam
829 1538 906 1560 vero
941 1537 1005 1569 qua
1026 1526 1184 1569 analogia,
1213 1537 1276 1568 quo
1300 1536 1398 1558 sensu

134 1569 413 1612 interpretabimur
455 1573 541 1603 istud
563 1573 739 1603 animata
760 1571 941 1607 calores,
964 1569 1082 1610 quippe
1103 1576 1200 1599 notus
1220 1569 1280 1599 ille.
1295 1567 1399 1599 Grae-

101 1634 107 1637 -
132 1612 259 1651 cismus,
272 1623 336 1654 quo
353 1614 599 1656 subintelligitur
606 1613 802 1655 praepositio
814 1612 895 1643 anatol
907 1611 957 1642 hic
969 1611 1072 1642 locum
1078 1614 1190 1652 potest
1200 1610 1330 1647 habere,
1339 1620 1398 1641 nec

132 1654 499 1697 enimnonpotesdicere
512 1655 608 1687 arbo
618 1666 635 1687 r
647 1655 821 1686 animata
833 1653 995 1685 calores
1005 1663 1044 1684 eo
1056 1652 1152 1684 modo
1165 1662 1229 1694 quo
1241 1652 1398 1694 clipeus

132 1697 319 1729 caelatus
369 1709 495 1741 ugnas
523 1698 610 1740 apud
662 1697 819 1728 Nostrum
839 1694 1180 1733 Aeh.2,1780tarma
1198 1704 1399 1735 expressa

132 1749 250 1771 casus
271 1746 309 1771 et
324 1709 456 1772 flores
469 1739 660 1781 inscripti
672 1739 832 1770 nomina
843 1747 975 1779 regum
986 1737 1071 1779 apud
1083 1736 1261 1785 Virgiliumt
1274 1735 1354 1775 (1⁴:01.
1367 1736 1398 1772 3,

134 1782 219 1823 106.)
263 1782 299 1813 In
321 1783 382 1814 illis
405 1784 488 1815 enim
509 1783 589 1814 locis
612 1782 694 1813 idem
707 1785 758 1812 est
779 1790 816 1812 ac
838 1780 866 1811 si
877 1780 1034 1811 dixissent
1055 1779 1197 1821 „clipeus
1209 1788 1263 1820 qul
1272 1787 1399 1820 pugnes

132 1825 271 1856 caelatas
298 1824 396 1856 habet
419 1829 451 1857 et
472 1835 560 1856 arma
582 1834 664 1866 quae
686 1833 780 1855 casus
803 1832 978 1865 expressos
999 1821 1119 1852 habent
1139 1831 1197 1852 scu
1219 1820 1402 1862 exprimunt

133 1872 165 1898 ct
187 1867 285 1897 flores
309 1868 362 1908 qui
385 1868 514 1899 nomina
535 1877 646 1910 regum
663 1866 817 1906 inscripta
837 1865 975 1895 habent“
988 1863 1076 1894 nullo
1091 1873 1168 1894 vero
1183 1872 1283 1894 sensu
1303 1868 1399 1904 potes

132 1909 239 1940 dicere
262 1909 360 1940 arbor
374 1919 455 1950 quae
471 1909 595 1940 calores
611 1908 662 1939 dei
677 1908 834 1939 animatos
856 1906 984 1938 habet.‘·
1027 1905 1062 1936 Si
1072 1904 1281 1936 Marklandus
1292 1907 1399 1944 negat,

132 1951 219 1982 illum
249 1950 468 1983 Graecismum
503 1975 522 1989 ,.
535 1960 598 1992 quo
634 1948 880 1991 subintelligitur
907 1947 1104 1989 praepositio
1137 1946 1238 1979 κατοὶ“
1293 1945 1398 1976 locum

131 1993 251 2025 habere
274 2003 374 2034 posse
397 1994 428 2024 in
452 1993 612 2031 „animata
634 1993 780 2023 calores“
802 2001 843 2021 ne
866 1991 898 2021 in
919 1990 992 2021 illus
1010 1990 1135 2030 quidem
1158 1991 1268 2030 potest
1289 1997 1400 2026 „arma

131 2045 288 2078 expressa
311 2046 415 2075 casus,
448 2036 546 2067 flores
577 2039 635 2067 ete.
683 2033 750 2065 Sed
782 2037 833 2063 est
855 2032 984 2064 omnino
1010 2032 1089 2062 levis
1110 2031 1164 2062 illa
1187 2030 1359 2078 explicatio
1377 2039 1398 2060 ι

133 2077 324 2110 Marklando
351 2078 527 2120 proposita,
549 2086 654 2118 neque
676 2075 848 2117 quidquam
869 2074 982 2115 resipit
1003 2073 1180 2111 doctrinae,
1195 2082 1297 2121 ’quam
1318 2071 1398 2102 alias

132 2121 163 2151 in
185 2120 253 2151 viro
278 2120 485 2163 sagacissimo
508 2119 709 2151 admiramur.
775 2116 859 2148 Nam
882 2116 974 2148 simili
996 2116 1120 2148 ratione
1143 2115 1256 2146 dicitur
1279 2113 1398 2152 „arbor

132 2162 270 2194 animata
296 2163 433 2201 calores,
465 2162 522 2193 der
554 2162 648 2192 baum
680 2159 805 2191 beseelt
825 2158 882 2190 mit
902 2158 960 2190 der
980 2157 1090 2199 gluth“
1113 2161 1209 2198 atque
1229 2165 1319 2187 arma
1341 2165 1382 2204 e}

129 2214 247 2246 pressa
269 2215 374 2243 casus,
397 2208 613 2247 ausgepraegt
639 2203 697 2234 mit
716 2202 779 2234 den
802 2200 1031 2242 ereignissen“‚
1075 2203 1107 2230 et
1135 2199 1232 2230 haec
1265 2207 1400 2229 omnia

133 2247 320 2288 exempla
361 2247 551 2288 „eljipeus
591 2246 774 2276 caelatus
809 2253 858 2284 pu
894 2251 963 2273 nas
979 2263 988 2278 ,
1031 2240 1224 2272 Eumenis
1266 2239 1398 2270 vultus

133 2298 334 2330 expressa
351 2288 552 2326 Perinthi,
571 2283 864 2325 dissimulatad
895 2293 953 2314 am
965 2285 1065 2315 etc.“
1088 2282 1225 2314 redire
1247 2289 1395 2329 censeo

132 2329 180 2362 ad
201 2330 278 2361 vim
299 2331 510 2363 verborum
535 2329 744 2368 „induere‚
768 2327 946 2358 exuere“
969 2325 1010 2356 de
1032 2325 1149 2367 quibus
1170 2332 1267 2364 supra
1282 2321 1398 2371 ‚dispu-

134 2372 279 2404 tavimus.
342 2372 394 2404 Ne
418 2383 458 2405 ue
498 2377 548 2403 est
569 2370 727 2413 profecto,
782 2378 838 2400 eur
872 2368 912 2399 de
944 2367 1001 2399 tali
1033 2367 1195 2399 locutione
1216 2363 1397 2395 dubitemus

134 2413 323 2456 praesertim
345 2414 377 2446 in
424 2415 512 2454 tatio,
535 2413 588 2456 qui
610 2421 767 2455 persaepe
790 2410 960 2443 dictionem
983 2409 1107 2450 quaerit
1124 2406 1336 2439 artificiosam.
