1678 2717
900 171 924 210 8

374 282 620 335 Namblocus
648 303 720 329 cur
749 301 928 331 sonorus
945 288 1122 336 dicatur,
1152 291 1321 345 intelligi
1357 306 1439 332 non
1470 306 1559 346 po-‚

267 338 357 373 test.
412 337 459 375 In
488 339 664 380 editione
693 344 907 384 Lindenbr.
937 343 1036 380 haec
1065 343 1306 383 exhibentur
1333 349 1413 385 sic:
1483 373 1487 377 -

531 415 534 418 <
578 395 844 451 trabibusque
871 400 912 434 et
939 398 1062 434 ariete
1090 409 1244 435 sonoro
1453 404 1460 407 ’“

373 443 541 495 Pellunt
571 461 670 496 saxa
698 451 820 490 loco“
850 461 969 501 quam
998 449 1196 488 infelicem
1214 447 1397 491 auctoris
1414 465 1544 493 emen-

267 493 471 536 dationem
500 505 606 538 recte
636 502 737 542 dixit
765 503 970 542 Barthius.
1026 502 1120 553 Ipse
1132 503 1173 541 in
1190 503 1409 543 Lindenbr.
1425 518 1545 544 mem·

265 547 403 589 branis
431 557 472 589 et
499 555 585 592 suis
610 555 772 595 duobus
784 556 914 596 codds
934 555 1198 595 invenissese
1219 556 1544 607 profitetur“t1·a-

267 601 468 655 bibusque
483 613 635 647 arctata
649 613 811 649 sonoris
829 609 990 649 Pellunt
1019 623 1117 647 saxa
1145 610 1236 648 loco
1267 616 1332 655 „et
1353 612 1453 649 satis
1470 613 1544 650 ob—

265 658 570 710 sculteadjiciffl
599 662 756 702 Trabes
787 675 964 703 sonorae
991 676 1063 714 per
1090 676 1135 701 se
1162 663 1240 702 dini
1256 677 1348 702 non
1367 671 1545 715 possunt

265 721 354 747 cum
385 717 527 765 autem.
546 714 653 755 ferro
685 723 891 757 armantur
920 721 960 755 et
988 716 1262 769 praefiguntur
1291 719 1457 757 omnino.
1485 720 1543 757 sic

264 763 461 813 appellari
480 775 681 817 possunt“
696 771 855 818 Quodsi
872 782 1010 809 revera
1026 770 1165 825 Barth.
1193 772 1250 807 ita
1262 772 1457 821 scriptum
1481 772 1561 810 in-,

262 816 636 871 venit,qua1nquam
652 836 675 860 a
686 824 978 862 recentioribus
997 823 1226 861 editoribus.-
1238 822 1291 873 de
1309 822 1542 875 discrepan-

263 872 548 922 tias-scripturae
567 875 668 914 nihil
684 877 941 916 observatum
962 881 1035 922 est,
1057 876 1455 927 quaeritur-*possitne
1464 876 1542 916 hae

261 923 417 962 medela
435 926 619 966 adhibita
645 929 761 968 locus
791 944 915 969 sanus
943 930 1096 968 haberi.
1151 929 1350 980 Equidem
1366 931 1435 968 vix
1457 943 1540 968 cre,

262 976 445 1017 ‹liderim
464 979 625 1020 Etenim
639 985 672 1020 si
681 983 849 1022 Barthio
867 984 919 1021 de
934 983 1142 1030 „trabibus
1157 982 1342 1022 sonoris?
1357 982 1540 1034 adstipu-

260 1029 388 1071 lemur
403 1031 516 1071 haud
544 1035 628 1073 scio
665 1049 717 1074 an
746 1050 887 1088 parum
918 1038 1093 1075 sermoni
1112 1037 1278 1087 poetico
1295 1036 1540 1089 conveniant

260 1084 330 1122 illa
347 1084 456 1123 nude
466 1086 612 1137 juncta
627 1095 804 1135 „aret-ata
819 1096 958 1128 saxa“.
997 1089 1204 1128 Genuinae
1225 1088 1447 1139 scripturae
1466 1102 1539 1129 ·ve·

261 1139 382 1189 stigia
409 1139 545 1179 inesse
570 1141 761 1181 videntur
788 1145 830 1181 in
856 1155 959 1182 voce
975 1138 1174 1190 ‚,sonoro“
1206 1154 1311 1193 quae
1325 1154 1401 1193 ego
1425 1155 1538 1181 secu-

261 1196 340 1237 tus,
370 1191 588 1232 observato
603 1196 765 1247 ingenio
782 1200 940 1247 poetae,
968 1208 1052 1234 non
1075 1195 1218 1234 dubito
1234 1194 1538 1246 vehementiore,

262 1249 307 1282 ut
335 1244 464 1295 primo
494 1247 644 1286 obtutu
671 1249 843 1296 videtur,
872 1249 1151 1288 emendatione
1179 1248 1315 1288 locum
1329 1248 1538 1286 restituere

261 1299 299 1334 in
328 1297 437 1337 hunc
465 1300 646 1339 modum:
967 1323 971 1326 ·

773 1355 1037 1407 trabibusque
1065 1358 1218 1392 arctata
1246 1368 1265 1392 s
1276 1368 1300 1392 o
1310 1368 1338 1393 n
1347 1367 1371 1393 o
1382 1352 1450 1393 ra‘

311 1405 475 1444 Pellunt
503 1420 602 1445 saxa
631 1409 753 1459 lyra..
1278 1441 1280 1443 .

366 1459 522 1511 „Lyra“
553 1461 594 1499 in
634 1474 728 1501 mss.
765 1465 972 1500 exaratum
1009 1460 1103 1508 fuit,
1139 1464 1186 1498 ut
1220 1459 1347 1506 solet,
1389 1461 1533 1501 litteris

257 1512 377 1558 ‚‚lira“
406 1514 521 1564 quod
548 1514 721 1553 liberarii
748 1528 882 1554 errore
909 1519 1108 1552 mutatum
1136 1518 1198 1551 est
1224 1514 1266 1552 in
1292 1514 1440 1561 ‚,loeo·‘
1475 1520 1534 1553 at-

258 1578 335 1616 que
364 1565 431 1603 hic
457 1572 523 1605 est
549 1567 643 1606 fons
673 1569 799 1606 totius
814 1568 1098 1618 corruptionis,
1116 1567 1311 1618 siquidem
1335 1574 1533 1614 ‚‚sonora“

258 1618 372 1670 quod
399 1632 423 1658 a
450 1625 573 1672 poeta
601 1621 782 1660 relictum
812 1634 900 1660 esse
925 1620 1097 1666 videtur,
1128 1621 1431 1659 convenientiae
1443 1634 1532 1660 ver-

256 1673 399 1712 borum
429 1687 554 1714 causa
580 1678 725 1714 mutari
746 1675 920 1714 debebat
946 1675 988 1713 in
1017 1679 1214 1721 ‚‚sonoro“
1232 1674 1294 1713 vel
1310 1675 1534 1722 ,‚sonoris.“

256 1726 465 1765 Sententia
494 1734 640 1774 autem,
671 1741 774 1780 quae
804 1729 953 1771 existit,
982 1732 1146 1778 recepta
1181 1728 1415 1778 conjectura
1436 1741 1533 1774 mea,

255 1778 473 1818 admodum
487 1781 627 1832 prodit
642 1781 819 1820 indolem
834 1781 965 1827 Statii,
981 1781 1050 1832 qui
1064 1782 1202 1819 nescio
1221 1793 1301 1831 quo
1311 1781 1455 1819 mentis
1474 1780 1532 1819 af-

256 1831 363 1870 fectu
390 1832 566 1872 fabulam
595 1834 645 1872 de
674 1835 828 1886 origine
857 1833 1088 1872 Thebarum
1114 1833 1264 1884 ubique
1277 1834 1419 1884 tangit,
1449 1835 1533 1872 sive

255 1886 368 1935 quod
398 1899 445 1924 ea
471 1900 610 1927 revera
637 1888 678 1925 in
715 1886 1046 1938 praeclarissimis
1083 1891 1163 1931 est,
1202 1888 1287 1924 sive
1322 1886 1435 1937 quod
1472 1886 1532 1924 di-

254 1940 349 1977 vina
382 1952 487 1977 vena
522 1940 750 1991 praeditum
784 1945 944 1991 poetam
974 1952 1021 1976 ea
1054 1939 1263 1990 insigniter
1291 1938 1530 1984 alliciebant,

255 2004 357 2044 quae
386 1993 437 2031 de
466 1993 633 2032 coelesti
662 1995 701 2032 vi
731 2006 780 2032 ac
808 1993 991 2045 potentia
1017 1997 1156 2031 vatum
1193 1992 1421 2043 antiquitus
1447 1997 1529 2030 tra-

255 2046 342 2084 dita
383 2060 472 2085 cum
505 2052 621 2086 tanto
658 2050 745 2086 eius
784 2049 882 2085 artis
918 2046 1074 2085 honore
1104 2058 1186 2097 per
1210 2058 1282 2085 ora
1324 2044 1530 2085 hominum

254 2100 494 2151 migrabant.
557 2100 739 2139 Ceterum
775 2100 980 2152 eleganter
1015 2099 1255 2150 dispositam
1291 2099 1530 2137 sententiam

253 2166 429 2204 agnosce
455 2155 496 2190 in
519 2166 585 2199 eo,
625 2153 739 2204 quod
765 2155 878 2198 muri,
908 2154 976 2203 qui
995 2157 1162 2190 canente
1175 2151 1405 2202 Amphione
1420 2152 1529 2189 ultro

253 2219 344 2246 sese
379 2206 605 2258 erigebant,
650 2206 768 2245 iidem
806 2205 995 2257 profano.
1015 2206 1169 2256 impetu
1203 2205 1339 2244 arietis
1375 2205 1530 2257 percuti

251 2260 469 2312 finguntur.
1390 2282 1391 2285 =

360 2312 428 2363 Sic
458 2313 509 2351 de
537 2313 762 2352 reficiendis
790 2312 914 2351 muris
945 2310 1074 2350 Theb.
1105 2315 1142 2355 4,
1173 2314 1259 2348 356.

683 2383 716 2403 ω
758 2389 759 2393 =
829 2395 834 2403 ,
990 2366 1085 2415 ipsa
1109 2368 1272 2403 vetusto
1411 2406 1417 2412 ,

304 2420 465 2458 Moenia
491 2422 603 2459 lassa
620 2422 1033 2472 situ-magnaeque
1060 2416 1361 2468 Amphionis
1389 2429 1528 2456 arces

303 2471 393 2511 Jam
421 2473 572 2513 fessum
601 2478 714 2514 senio
744 2474 903 2513 nudant
930 2473 1051 2518 latus,
1083 2476 1122 2509 et
1149 2469 1230 2513 fide
1256 2483 1372 2509 sacra
1410 2491 1425 2499 π
