1678 2717
886 115 935 148 30

278 224 438 262 exuitur
482 228 730 272 vestimento,
777 239 896 277 quani
944 229 1117 278 speeiem
1153 230 1371 268 accusativi
1411 230 1550 270 Graeci

278 290 366 315 esse
394 277 600 316 volumus:
632 278 760 318 Theb.
788 279 823 325 9,
855 281 930 319 163
968 285 1117 320 exutus>
1155 296 1278 323 canos
1308 283 1438 322 lacero
1467 283 1551 323 dia-

277 331 434 422 demgt5e
463 332 603 371 crines,
666 337 724 376 11,
754 332 832 371 459
861 333 973 372 vittis
1003 339 1123 372 exuta
1144 349 1296 375 comam
1327 337 1376 377 ef.
1409 337 1496 376 silv.
1516 343 1550 382 53

381 437 446 475 Ex
475 438 734 477 similitudine
764 440 874 478 verbi
903 453 1073 478 exuere:
1103 441 1191 482 silv,
1222 442 1257 489 5,
1289 448 1321 489 1,
1355 447 1428 483 150
1457 443 1550 483 Car-

275 491 385 541 pitur
413 490 599 529 eximium
626 492 712 530 fato
740 492 926 530 Priscilla
964 493 1146 532 decorem
1183 494 1232 532 cf.
1263 495 1392 536 Theb.
1422 497 1458 543 6,
1486 497 1549 537 90.

273 542 310 590 2,
348 543 422 583 231
466 543 650 584 Candida
684 558 928 597 parpureum
962 547 1075 585 fusae
1104 561 1227 600 super
1256 549 1548 589 ora·rub0rem.

272 596 414 636 Parem
442 602 667 638 structurae
694 599 889 638 rationem
916 602 1049 639 inesse
1078 614 1222 640 censeo
1252 604 1293 640 in
1321 602 1383 641 his
1417 615 1548 641 exem-

274 650 353 702 plis
384 664 487 703 quae
515 652 639 705 vulgo
668 652 720 691 ad
751 665 929 691 normam
958 655 1177 693 accusativi
1206 656 1419 707 respectivi
1445 656 1546 695 refe-

272 708 435 744 runtur:
479 704 609 746 Theb.
639 706 676 750 4,
706 711 781 746 267
811 707 966 745 Imbelli
994 721 1134 759 parma
1159 707 1293 760 pictus
1323 708 1549 762 Calydonia

274 757 410 796 matris
454 757 630 797 Proelia.
678 765 736 803 ll,
784 765 857 798 199
887 759 1078 799 Eumenis
1122 761 1273 800 Inachii
1309 762 1448 801 vultus
1479 776 1546 801 ex-

270 823 412 861 pressa
439 811 619 850 Perinthi
650 835 698 841 —
728 812 816 851 silv.
850 820 882 858 1,
914 817 949 856 2,
984 819 1029 852 13
1051 815 1272 865 vinctaque
1299 814 1426 854 latino
1454 815 1546 854 Dis-

275 863 464 902 simulata
492 864 619 903 deam.
650 864 730 903 Val
759 866 815 906 Fl.
849 873 881 911 1,
910 866 988 904 398
1017 868 1167 916 pocula
1203 881 1395 919 expressa
1430 881 1547 906 casus

269 915 465 955 bellorum
483 916 546 965 ¹⁷).
609 917 738 957 Theb.
783 924 826 966 2,
871 917 946 957 277
984 918 1181 958 infaustas
1228 933 1463 972 percussum
1505 934 1546 959 a-

355 1022 397 1062 ¹⁷)
418 1022 597 1055 Levissima
620 1027 669 1056 est
690 1023 872 1056 Marklandi
894 1024 935 1056 de
957 1024 1006 1056 his
1028 1025 1108 1057 locis
1137 1026 1305 1065 sententia,
1329 1027 1382 1069 qui
1406 1027 1446 1059 ad
1475 1027 1545 1060 silv,

269 1065 299 1104 2,
327 1066 355 1105 l,
378 1065 420 1098 97
443 1077 476 1109 p.
497 1066 560 1099 217
587 1067 749 1109 passivam
778 1067 867 1099 verbi
895 1066 1031 1100 formam
1054 1068 1164 1110 utique
1184 1079 1244 1111 pro
1268 1070 1370 1102 activa
1394 1071 1542 1113 usurpari

268 1112 389 1148 censet,
412 1114 447 1141 ut
471 1119 671 1152 expressa
693 1120 812 1142 casus
836 1110 919 1142 idem
942 1111 1091 1152 sitatque
1109 1111 1384 1153 exprimentia
1406 1123 1544 1151 casus,

267 1151 528 1182 dissimulata
550 1152 664 1184 deam
686 1152 768 1184 idem
791 1162 829 1183 ae
851 1152 1118 1184 dissimalans
1140 1153 1267 1191 deam,
1291 1155 1385 1186 etad
1409 1155 1543 1187 eundem

267 1203 359 1225 usum
383 1193 519 1235 quodvis
543 1194 629 1226 aliud
651 1195 782 1226 verbum
806 1193 907 1226 refert
928 1195 1014 1226 velut
1042 1195 1143 1228 Theb.
1167 1196 1199 1234 9,
1234 1195 1313 1228 425:
1344 1196 1545 1240 Dotalesquo

267 1245 367 1278 rogos
411 1236 545 1278 decepta
570 1247 610 1268 ue
655 1237 788 1268 fulmina
820 1237 883 1268 vidi
916 1237 969 1269 ubi
993 1238 1163 1279 decepta
1193 1237 1365 1271 fulmina
1396 1240 1440 1271 ait
1470 1249 1543 1272 esse

266 1278 520 1319 decipientia
563 1279 733 1312 ulmina.
798 1279 905 1310 Locus
934 1289 1029 1320 quem
1059 1280 1163 1311 obiter
1199 1281 1302 1323 tangit
1333 1281 1543 1313 Marklandus

267 1320 428 1352 mentione
455 1320 571 1362 dignus
601 1325 650 1352 est
680 1321 773 1352 aliam
796 1320 839 1352 ob
862 1330 1001 1360 causam,
1025 1331 1125 1363 quare
1152 1333 1222 1354 eum
1259 1323 1388 1365 plenius
1423 1324 1543 1355 exseri·

266 1365 354 1406 ptum
377 1373 616 1406 proponamus:

307 1404 444 1437 Huncne
467 1406 540 1437 mihi
564 1415 714 1448 superum
737 1409 891 1446 regnator
912 1405 1069 1437 honorem

309 1447 405 1486 Quod
426 1449 546 1480 totiens
569 1449 753 1488 hospesque
775 1448 838 1478 tuis
862 1451 894 1479 et
916 1449 1066 1479 conscius
1089 1449 1169 1480 actis

308 1489 392 1525 (Nec
415 1501 594 1523 memorare
616 1490 727 1530 timor)
752 1489 835 1521 falsa
857 1500 940 1521 nune
963 1491 1110 1532 improba
1132 1491 1241 1523 fronte

308 1532 448 1572 Cornua,
473 1544 557 1566 nuno
580 1532 709 1565 vetitam
734 1543 846 1564 currus
870 1532 1052 1575 disjungere
1075 1533 1228 1566 Phoeben

307 1572 508 1617 natalesque
530 1585 629 1618 rogos
653 1575 852 1616 deceptaque
876 1574 1008 1605 fulmina
1031 1576 1093 1606 vidi
1121 1589 1123 1591 ·

307 1616 569 1659 Praecipuosque
591 1616 654 1648 alui
677 1616 841 1648 natorum!

370 1660 571 1702 Argumento
607 1662 656 1691 est
683 1658 732 1689 hic
755 1659 846 1689 locus
869 1659 895 1689 si
931 1658 984 1701 qui
1017 1658 1108 1696 alius,
1143 1668 1238 1700 quam
1274 1659 1372 1690 multa
1404 1659 1540 1691 aliorum

264 1705 430 1734 auctorum
453 1702 485 1733 in
507 1702 630 1734 scholia
651 1701 807 1732 Lactantii
830 1701 1018 1743 irrepserint
1040 1705 1071 1731 et
1093 1701 1153 1733 sub
1168 1701 1236 1742 ejus
1256 1701 1384 1732 nomine
1398 1702 1538 1743 posteris

264 1743 379 1775 tradita
401 1744 475 1782 sint,
499 1754 563 1786 quo
587 1754 651 1776 non
675 1753 768 1774 usum
792 1752 865 1774 esse
886 1752 965 1785 prae
988 1742 1103 1774 ceteris
1133 1742 1213 1774 locis
1242 1743 1274 1774 in
1297 1743 1457 1776 dissertat.
1482 1753 1540 1774 sua

263 1786 408 1819 Schottk.
443 1787 550 1819 miror.
586 1785 715 1818 Scholia
748 1789 863 1823 autem,
900 1785 1066 1816 Lactantio
1098 1794 1180 1826 quae
1214 1784 1395 1816 tribuuntur
1430 1789 1540 1816 extant

262 1829 357 1861 haec:
381 1827 421 1860 ad
444 1828 543 1860 verba
566 1828 700 1867 „falsa
719 1837 822 1859 nunc
843 1827 1027 1870 improba
1049 1826 1190 1858 fronte
1229 1826 1416 1859 Cornua“
1446 1826 1540 1859 Anti-

263 1880 376 1912 copam
399 1870 515 1912 Nyctei
548 1871 643 1902 filiam
678 1870 836 1912 stupravit
855 1869 1005 1912 Juppiter
1025 1870 1056 1900 in
1080 1868 1228 1911 Satyrum
1251 1880 1382 1907 versus,
1404 1874 1539 1902 matrem

262 1912 331 1944 Zeti
355 1917 386 1943 et
407 1913 609 1954 Amphionis,
641 1913 713 1944 ideo
748 1911 854 1943 falsa
888 1922 1041 1943 cornua
1071 1912 1145 1953 quia
1167 1912 1292 1943 cornuti
1322 1916 1398 1943 nunt
1421 1912 1538 1962 Satyri,

263 1965 397 1996 quorum
420 1955 590 1995 imaginem
613 1955 727 1987 falsam
750 1954 810 1986 sibi
833 1958 1016 1996 sumpserat
1036 1953 1077 1985 Ju
1102 1954 1192 1995 piter.
1238 1953 1290 1985 Ad
1303 1953 1402 1986 verbu¹
1424 1953 1538 1992 „dis-

256 1997 433 2039 jungere
455 1997 674 2030 Phoeben“
698 1996 759 2028 hoc
781 1996 924 2039 contigit,
958 2006 1028 2028 cum
1094 1996 1219 2027 ercules
1241 2001 1438 2034 nasceretur,
1462 2006 1535 2028 nam

263 2044 330 2071 tres
353 2049 372 2071 a
393 2039 485 2072 Luna
506 2040 711 2072 continuatae
734 2043 809 2071 sunt
831 2044 955 2073 noctes.
998 2037 1148 2070 Lucanus
1169 2038 1202 2070 in
1225 2038 1410 2081 categonio:

303 2082 446 2114 Thebais
468 2082 624 2114 Alcmene
647 2092 711 2124 qua
732 2082 807 2113 dum
831 2081 996 2114 frueretur
1018 2080 1147 2123 Olympi

303 2124 424 2157 Rector
445 2124 628 2157 Luciferum
652 2129 701 2155 ter
717 2124 866 2165 jusserat
887 2123 1060 2166 Hesperon
1084 2125 1189 2156 esse.“

347 2167 399 2198 Ad
422 2167 523 2199 verba
545 2168 819 2208 „deceptaque
843 2166 1039 2198 fulmina“
1076 2165 1172 2208 „quia
1193 2165 1383 2216 indisposite
1417 2165 1537 2197 fulmen

262 2209 410 2240 Semelen
440 2210 586 2248 extinxit,
615 2210 748 2252 primam
783 2218 860 2251 ergo
895 2208 1035 2240 fabulam
1071 2207 1222 2250 Europae
1252 2207 1344 2247 dicit,
1365 2207 1536 2240 secundam

261 2250 441 2282 Alcmenae
452 2252 483 2282 in
496 2262 560 2293 qua
581 2256 631 2283 ter
653 2252 814 2293 geminata
833 2255 882 2282 est
895 2261 971 2288 nox,
984 2250 1107 2281 tertiam
1120 2251 1275 2287 Semeles,
1298 2260 1393 2291 quam
1406 2249 1536 2281 fulmine

262 2302 322 2323 suo
345 2291 497 2334 Juppiter
519 2294 669 2332 incendit,
693 2298 837 2335 quartam
860 2292 978 2330 Ledae,
1006 2302 1100 2335 quam
1122 2291 1270 2334 Juppiter
1291 2301 1394 2333 prope
1417 2291 1534 2323 flumen

262 2334 387 2366 vieiavit
418 2339 559 2366 mutatus
582 2337 613 2366 in
636 2347 651 2367 c
675 2346 771 2379 gnum
785 2338 804 2352 ‘⁶
848 2335 956 2367 Primo
981 2335 1095 2366 obtutu
1125 2334 1290 2366 oculorum
1313 2339 1456 2376 apparet,
1478 2344 1536 2365 au-

262 2381 384 2408 ctorem
408 2377 551 2419 priorum
575 2377 652 2409 scho
666 2378 768 2409 iorum
781 2381 813 2409 et
834 2377 918 2409 tertii
940 2378 1014 2409 inde
1037 2387 1055 2408 a
1077 2377 1185 2409 verbis
1209 2376 1361 2418 „primam
1385 2387 1463 2419 ergo
1486 2375 1535 2407 fa-

263 2419 394 2450 bulam“
417 2430 483 2452 non
507 2420 642 2452 eundcm
666 2419 776 2451 fuisse.
820 2420 887 2450 Illic
910 2420 993 2451 enim
1016 2419 1115 2450 verba
1137 2418 1240 2457 „falsa
1261 2429 1344 2451 nunc
1366 2417 1532 2460 improba“
