1678 2717
852 104 900 142 14

242 218 318 258 hoc
339 219 504 270 justius,
534 232 654 270 quam
684 220 799 271 quod
826 221 975 260 Persae
990 234 1137 273 equum
1161 221 1318 267 fortem,
1348 223 1519 263 Molossi

243 283 380 310 canem
409 271 532 310 fidum
560 272 700 324 lugent
728 274 981 314 extinctum.“
1038 274 1122 313 Sed
1149 275 1262 313 nullo
1290 280 1410 327 pacto
1426 276 1520 315 ferri

242 328 382 376 potest
409 324 510 363 illud
542 338 620 377 que
647 327 690 364 in
719 340 820 365 voce
848 326 1062 378 „deisque“
1091 328 1202 379 quod
1225 328 1397 371 Bentleii
1425 342 1518 368 acu-

240 391 331 416 men
358 377 515 429 fugisse
548 378 772 418 dolendum
801 385 873 420 est.
930 380 1025 419 Vid.
1050 380 1194 419 Markl.
1225 382 1278 419 ad
1304 382 1345 422 h.
1373 383 1399 422 1.

347 430 465 468 Latet
516 432 742 482 corruptela
791 435 830 472 in
868 446 950 471 una
991 445 1092 472 voce
1134 433 1354 485 ‚‚deisque‘⁴
1400 448 1519 487 quam

243 483 459 522 sustulisse
486 483 583 522 mihi
612 484 754 524 videor
781 485 1016 537 conjectura
1038 485 1134 524 hac:

554 543 718 589 rumpat
745 538 881 578 frenos
911 539 1032 592 dolor
1058 539 1134 578 iste
1163 539 1415 592 decusque

298 590 341 628 Si
371 594 450 628 tam
480 589 582 629 dura
609 591 784 642 placent.
1422 638 1424 641 f

347 642 547 696 „Rumpat
573 644 651 684 iste
681 644 799 684 dolor
814 649 908 684 tuus
935 644 1072 684 frenos
1101 646 1519 699 omnesnexcedatque

239 696 506 742 honestatem,
535 698 570 735 si
599 697 682 735 tam'
710 698 812 736 dura
840 711 929 736 sors
946 698 1063 736 nimis
1079 699 1244 750 lugendi
1256 699 1330 737 tibi
1345 700 1518 751 placet.“

240 747 459 794 Sententia,
491 762 594 800 quae
623 753 762 788 existit
798 750 1075 788 emendatione
1102 764 1190 790 mea
1224 757 1398 802 recepta,
1434 765 1519 790 non

244 800 377 839 solum
407 804 651 841 conveniens
681 808 743 840 est
769 803 849 840 loci
879 807 1048 841 naturae
1075 803 1147 841 sed
1168 803 1250 841 fere
1277 805 1517 843 necessaria,

241 852 344 893 Nam
377 856 419 892 in
446 855 581 894 verbis
611 861 798 907 „rumpat
825 855 962 895 frenos
991 855 1112 895 dolor
1136 859 1235 895 iste“
1265 870 1397 909 neque
1421 870 1518 909 qua-

240 906 299 945 les
329 907 391 945 illi
417 907 520 946 freni
549 909 630 947 sint
664 920 797 960 neque
827 921 908 959 quo
936 909 1030 960 jure
1066 909 1218 948 dolenti
1254 910 1391 962 injecti
1426 923 1517 961 per-

242 962 429 1011 spicuum
458 967 529 1000 est.
583 962 702 1000 Nunc
739 967 871 1000 autem
905 967 1086 1014 apparet,
1116 975 1205 1001 esse
1239 962 1378 1002 frenos
1413 963 1518 1009 illos,

238 1027 342 1065 quos
369 1013 563 1053 honestas
592 1018 692 1054 viris
720 1018 761 1054 in
790 1015 970 1055 dolendo
999 1016 1161 1067 injicere
1189 1016 1304 1056 solet.
1365 1016 1518 1055 Notum

238 1067 341 1105 enim
369 1067 471 1105 illud
498 1067 630 1106 Taciti
660 1068 857 1114 „Feminis
895 1069 1032 1120 lugere
1061 1069 1276 1108 honestum
1312 1071 1408 1109 viris
1437 1083 1517 1108 me-

238 1119 424 1159 minisse“
464 1120 727 1161 Commendat
761 1124 880 1160 etiam
916 1122 1185 1174 conjecturam
1220 1136 1347 1162 meam
1388 1123 1518 1162 codex

240 1173 457 1213 Vratislav.
514 1178 581 1226 qui
612 1176 775 1214 exhibet
805 1175 1065 1226 ‚‚dicesque.“

698 1289 793 1330 Silv.
825 1291 858 1334 3,
889 1292 925 1337 2,
959 1292 1044 1329 117.

293 1384 383 1423 Duc
414 1390 454 1422 et
483 1384 535 1423 ad
562 1384 796 1423 Aemathios
823 1398 973 1431 manes,
1001 1385 1071 1423 ubi
1099 1384 1264 1436 belliger
1288 1384 1400 1423 urbis

292 1437 490 1476 Conditor
517 1436 707 1489 Hyblaeo
737 1438 927 1490 perfusus
956 1444 1115 1477 nectare
1144 1437 1274 1484 durat,

291 1491 632 1543 Anguiferamqne
661 1491 837 1535 domum,
866 1492 1020 1530 blando
1049 1504 1130 1542 qua
1156 1504 1286 1529 mersa
1314 1503 1471 1529 veneno

293 1544 433 1582 Actias
462 1544 668 1583 Ausonias
698 1544 802 1596 fugit
829 1543 1047 1596 Cleopatra
1076 1549 1251 1585 catenas.

349 1597 597 1637 Mentionem
627 1597 724 1636 facit
751 1602 874 1649 poeta
902 1601 1045 1637 mortis
1076 1611 1123 1636 ac
1139 1598 1316 1649 sepulcri
1344 1596 1516 1647 Cleopa·

241 1658 325 1690 trae
355 1663 473 1703 quam
520 1650 686 1689 tradunt
715 1651 901 1689 nonnulli
930 1651 1130 1703 anguibus
1159 1651 1200 1688 in
1223 1651 1352 1689 sinum
1391 1649 1519 1688 addu-

238 1707 313 1744 ctis
371 1707 536 1756 perissc.
597 1704 684 1744 -Ad
747 1718 906 1742 versum
938 1705 1011 1742 119
1048 1704 1311 1742 Marklandus
1348 1703 1519 1742 adnotat

236 1758 414 1804 „Somno
447 1758 608 1808 quidem
639 1758 722 1808 (qui
751 1757 932 1808 liquidus
961 1765 1001 1795 et
1028 1758 1202 1809 irriguus
1217 1757 1350 1809 poetis
1367 1757 1517 1808 passim

243 1811 408 1859 dicitur)
439 1810 657 1862 Cleopatra
683 1824 814 1849 mersa
841 1813 864 1849 i.
893 1824 926 1851 e.
958 1811 1104 1849 obruta
1132 1824 1205 1862 per
1239 1809 1518 1861 metaphoram

235 1865 315 1903 dici
343 1865 497 1915 potuit:
530 1869 569 1901 et
597 1877 730 1902 mersa
757 1877 912 1902 veneno
942 1864 1128 1901 luxuriae
1157 1864 1220 1901 vel
1252 1862 1424 1901 disidiae
1440 1866 1515 1901 ete.

232 1931 304 1969 per
346 1917 516 1955 eandem
554 1917 852 1968 metaphoram3
895 1917 968 1955 sed
997 1930 1081 1955 non
1123 1917 1361 1968 simpliciter
1388 1929 1518 1954 mersa

233 1983 403 2016 veneno,
443 1971 513 2009 ubi
553 1970 602 2009 de
643 1975 770 2009 morte
800 1971 887 2022 ejus
916 1971 1060 2023 agitur,
1087 1969 1168 2009 nisi
1197 1972 1239 2008 in
1268 1969 1423 2008 dolium
1451 1969 1516 2007 vel

233 2025 365 2062 lacum
405 2024 470 2061 vel
507 2023 586 2061 tale
622 2023 791 2074 aliquod
825 2026 969 2061 veneni
1005 2023 1304 2074 receptaculum
1333 2022 1518 2072 conjecta

235 2077 400 2114 fuisset:
432 2089 515 2114 non
546 2078 649 2115 enim
679 2089 809 2115 mersa
837 2076 924 2122 fuit,
955 2075 1028 2114 sed
1044 2076 1262 2127 absumpta
1276 2080 1317 2114 et
1339 2075 1517 2113 extincta

232 2136 429 2170 veneno“.

340 2183 499 2221 Revera
527 2186 568 2221 in
597 2183 730 2222 verbis
761 2196 914 2229 „mersa
939 2188 1120 2222 veneno“
1151 2183 1217 2221 vix
1247 2195 1393 2221 sensus
1409 2180 1516 2227 ullus

236 2250 325 2275 esse
354 2241 495 2287 potest
525 2243 685 2287 praeter
713 2237 837 2276 illum.
869 2250 989 2287 quem
1020 2237 1211 2287 exposuit
1238 2234 1515 2279 Marklandus‚

237 2290 425 2342 quamvis
462 2289 578 2328 aliter
614 2290 798 2329 videatur
836 2289 1044 2335 Dubnero,
1086 2290 1154 2341 qui
1183 2303 1265 2328 non
1295 2302 1401 2341 opus
1430 2301 1518 2326 esse

236 2343 334 2382 dicit
364 2346 613 2397 conjectura,
657 2357 749 2382 nam
791 2345 915 2396 mergi
951 2357 1041 2383 esse
1078 2344 1243 2383 verbum
1287 2342 1338 2381 de
1375 2354 1517 2380 somno

235 2397 439 2436 usitatum.
518 2396 712 2449 Intelligit
767 2397 888 2448 igitur
943 2397 1162 2436 Dubnerus
1219 2409 1386 2435 mersam
1443 2407 1517 2445 pro
