1678 2717
829 138 855 178 6

207 256 279 295 bili
307 261 514 296 structura
548 256 880 297 antecedentibus
917 259 1112 312 adjuncta
1149 262 1263 305 sunt,
1304 258 1492 309 quamvis*

206 310 474 361 inaequabilis
505 310 790 349 sententiarum
818 312 921 350 ratio
950 313 1147 363 postulet,
1176 317 1222 351 ut
1247 311 1416 350 alterum
1432 310 1486 350 sit

206 362 491 401 secundarium
519 362 689 401 alterum
717 363 962 414 primarium.
1020 363 1222 413 Quocirca
1249 365 1290 401 in
1319 363 1483 415 vulgata

207 417 410 467 scriptura
437 428 662 468 pronomen
692 415 1074 465 demonstrativum,
1110 417 1223 469 quod
1260 416 1485 460 exhibetur,

206 469 442 508 mutandum
472 482 618 507 censeo
648 469 687 507 in
717 470 927 510 relativum
955 472 1032 510 sic:

264 542 505 595 Terrigenae
534 544 700 583 comites
727 544 835 590 illos,
865 557 964 597 gens
992 544 1148 592 Martia,
1177 543 1353 596 cingunt,

258 596 383 644 Quis
412 596 501 635 aevi
529 609 715 635 mensura
744 597 850 644 dies;
878 611 1022 637 manus
1052 599 1183 637 omnis
1211 602 1286 636 etc.

311 670 388 718 „Hi
417 676 513 710 sunt
540 670 599 710 illi
627 672 822 724 gigantes,
852 685 956 725 quos
985 677 1147 713 constat
1173 686 1255 711 uno
1282 671 1346 709 die
1361 673 1482 710 natos

205 728 244 762 et
272 728 457 763 mortuos
478 737 595 772 ‘essez
627 725 756 763 omnis
786 738 926 765 eorum
947 726 1067 765 turba
1086 730 1237 764 armata
1252 729 1349 764 est.“
1378 722 1482 762 Con-

198 778 375 828 jeceram
402 779 461 816 ita
487 779 684 817 rationem
713 784 875 817 secutus
894 779 1192 825 sententiarum,
1220 790 1310 816 cum
1337 780 1483 828 postea

205 830 437 881 opinionem
465 844 591 869 meam
620 831 846 870 confirmari
874 832 956 870 vidi
986 829 1116 872 schol.
1156 832 1483 881 interpretatione

205 884 344 935 „quib
355 897 381 922 u
392 897 411 922 s
426 883 620 923 nascendi
638 884 914 936 moriendique
929 885 1014 923 dies
1027 885 1125 924 fuit“
1143 886 1212 936 qui
1228 885 1261 922 si
1276 883 1319 922 in
1337 886 1482 934 poetae

206 937 339 975 verbis
369 937 625 977 enunciatum
654 936 1015 977 demonstrativum
1042 938 1215 990 legisset,
1252 950 1324 976 cur
1350 935 1391 975 id
1419 949 1480 974 re-

204 990 330 1028 lativo
361 990 593 1041 explicaret,
627 1004 749 1029 causa
777 1004 873 1029 sane
904 1005 984 1029 non
1016 996 1110 1030 erat.

690 1129 807 1168 Theb.
839 1131 872 1173 7,
906 1130 992 1169 178.

259 1245 369 1283 Cedo
394 1245 598 1297 equidem!
630 1258 712 1297 quo
743 1259 858 1284 sacra
886 1251 1019 1285 tamen
1048 1246 1230 1296 ritusque
1244 1249 1477 1296 peremptae

257 1298 429 1338 Gentis?
458 1303 498 1337 et
526 1301 567 1337 in
596 1299 774 1338 tumulos
804 1300 837 1338 si
868 1299 967 1353 quid
996 1299 1097 1338 male
1125 1298 1237 1337 foeta
1264 1298 1425 1350 reliquit

259 1353 387 1390 Mater
415 1354 523 1391 abire
546 1353 695 1405 jubes?
724 1353 911 1392 Thracen
941 1353 1143 1405 silvasque
1171 1352 1374 1404 Lycurgi?

309 1427 505 1466 Precatur
532 1427 719 1466 Bacchus
749 1427 907 1474 Jovem‚
936 1441 985 1467 ne
1011 1427 1179 1466 dilectas
1210 1427 1284 1464 sibi
1314 1426 1478 1465 Thebas

204 1481 326 1518 everti
356 1482 474 1527 sinat,
503 1482 571 1518 ubi
590 1486 628 1518 et
643 1486 763 1518 natus
794 1484 845 1518 sit
875 1486 913 1519 et
941 1485 1140 1532 perpetuo
1170 1480 1293 1518 sacris
1306 1480 1477 1518 eelebre-

204 1539 270 1572 tur
308 1536 347 1571 in
383 1534 578 1572 honorem
617 1547 732 1572 suum
770 1534 1011 1573 constitutis.
1074 1533 1231 1578 Verba,
1273 1537 1320 1570 ut
1352 1534 1476 1586 vulgo

203 1589 355 1638 scripta
384 1593 423 1626 et
452 1588 644 1626 distincta
671 1588 871 1639 leguntur,
901 1601 1000 1626 sana
1023 1587 1163 1626 haberi
1181 1599 1263 1624 non
1282 1594 1477 1638 possunt;

204 1642 253 1679 de
283 1641 431 1692 quibus
460 1641 654 1679 Barthius
686 1641 804 1678 haec:
834 1640 954 1687 „dicit
989 1646 1141 1679 tautam
1178 1652 1220 1677 se
1259 1653 1477 1692 agnoscere

201 1694 478 1734 crudelitatem
517 1700 562 1732 ut
605 1708 677 1732 nec
714 1694 935 1733 infantibus
974 1693 1182 1735 Thebanis
1220 1706 1390 1744 parsura
1427 1696 1478 1733 sit

202 1761 275 1786 nec
302 1748 492 1798 reliquias
522 1761 728 1785 caesorum
759 1748 991 1797 sepulturae.
1021 1748 1357 1786 sitfeoncessura.
1398 1748 1476 1784 Ve-

200 1802 284 1839 rius
313 1805 445 1839 tamen
471 1805 543 1845 est,
575 1800 777 1838 Bacchum
807 1799 856 1838 de
886 1813 960 1838 sua
995 1799 1129 1839 solum
1163 1804 1288 1838 matre
1325 1813 1475 1839 sermo-

201 1855 337 1900 cinari,
367 1855 483 1906 cujus
514 1859 628 1893 tanto
658 1853 755 1892 odio
779 1853 887 1893 Juno
911 1854 1074 1901 ferveat,
1104 1857 1150 1891 ut
1177 1859 1292 1892 eruto
1320 1855 1475 1894 tumulo

201 1909 353 1946 eineres
383 1911 561 1946 eruitura
590 1913 630 1945 et
658 1907 860 1945 abolitura
888 1908 1057 1947 veniat.“
1112 1907 1203 1955 Qua
1238 1908 1476 1959 interpreta-

201 1962 309 1999 tione
337 1962 438 1999 nihil
467 1961 649 2014 equidem
682 1960 763 1999 vidi
780 1960 1002 2000 confusius.
1059 1960 1222 2011 Reliqui
1236 1959 1476 2012 interpretes

201 2020 354 2053 tacent:
385 2017 454 2066 qui
481 2015 578 2053 mihi
606 2015 745 2053 dicant
773 2015 962 2065 quidnam
992 2013 1238 2053 intellectum
1252 2014 1380 2053 velint
1399 2016 1474 2053 sub

199 2068 281 2106 his:
310 2067 374 2114 „si
404 2068 503 2119 quid
522 2068 625 2106 male
652 2068 763 2106 foeta
790 2068 955 2120 reliquit
983 2072 1158 2114 mater“;
1196 2066 1229 2106 si
1258 2066 1474 2113 Bacchum,

202 2134 394 2174 perquam
422 2121 519 2160 mire
547 2121 597 2160 de
625 2135 669 2160 se
695 2121 877 2174 loquitur
916 2121 1102 2161 Bacchus
1139 2126 1178 2161 et
1215 2120 1368 2163 oblitus
1403 2128 1475 2167 est,

199 2190 243 2213 se
273 2175 396 2213 modo
427 2176 598 2213 cessisse
627 2175 730 2220 Jovi‚
760 2175 873 2225 quod
901 2175 1063 2225 quidem
1091 2175 1144 2215 ad
1181 2181 1306 2215 semet
1340 2175 1474 2225 ipsum

198 2229 434 2281 pertineret3
465 2229 499 2266 si
526 2242 621 2267 vero
650 2241 776 2273 sacra,
807 2228 953 2279 quibus
980 2227 1172 2280 reliquiae
1202 2226 1382 2270 Semelae
1410 2241 1473 2269 ce-

198 2284 377 2323 lebratae
394 2284 486 2328 sint,
515 2296 561 2320 ea
572 2284 656 2333 jam
674 2282 920 2334 significavit>
934 2287 1054 2333 poeta
1070 2293 1191 2320 versu
1205 2281 1469 2323 antecedenti.

199 2336 366 2374 Omnem
395 2336 475 2374 loci
504 2336 779 2375 difficultatem
816 2349 1056 2375 evanescere
1086 2335 1301 2386 jubeamus
1334 2336 1474 2375 ultima

199 2389 333 2428 littera
360 2390 400 2428 in
429 2403 531 2429 voce
558 2390 783 2437 „tumulos“
813 2390 969 2441 abjecta
997 2395 1036 2428 et
1066 2386 1201 2428 verbis
1240 2391 1280 2430 in
1316 2389 1472 2429 huncce

200 2442 362 2480 modum
392 2443 624 2493 dispositis:
