1678 2717
909 161 957 198 10

291 290 434 315 vocem
463 277 612 314 vulnus
644 279 668 314 i.
699 290 732 316 e.
762 276 885 314 telum
902 277 930 325 ³¹)
960 289 1009 312 ex
1026 276 1276 314 antecedenti
1291 289 1366 327 pro
1382 276 1566 326 subjecto

290 328 610 368 subaudiendam
630 341 730 367 esse.
775 328 866 366 Tali
895 331 1026 365 autem
1056 328 1219 366 licentia
1248 329 1444 366 sermonis
1472 341 1568 366 nus-

290 395 408 434 quam
445 395 563 419 usum
601 381 881 432 deprehendas
920 380 1102 418 Statium.
1176 379 1400 428 Quominus
1436 385 1566 418 autem

293 441 503 481 ‚‚manus“
540 435 711 472 subiecti
747 434 839 472 loco
874 434 1135 477 retineamus,
1179 433 1316 472 obstat
1358 436 1567 479 sententia,

292 500 536 539 quamquam
566 486 790 525 scholiasta
812 485 968 524 Barthii
996 487 1054 524 ita
1082 485 1272 524 statuisse
1298 486 1469 539 videtur,
1499 488 1565 537 qui

290 540 467 591 explicat
494 553 604 585 „non
630 539 746 590 prius
774 539 949 577 cessavit
978 551 1097 590 quam
1125 538 1181 576 ibi
1210 538 1435 591 consedit“.

397 591 580 630 Ceterum
609 591 765 630 absbna
792 595 853 629 est
882 595 1085 629 structura
1111 590 1211 628 haec
1236 589 1401 636 „sedere
1425 594 1468 629 in
1496 590 1566 628 ali-

291 645 413 698 quid“
443 658 532 684 cum
560 644 792 697 frequenter
817 648 1037 696 usurpetur
1072 642 1270 691 ‚‘,sedere“
1305 642 1355 682 de
1381 643 1466 699 ictu
1505 642 1566 683 ve]

291 699 370 737 telo
400 698 509 750 quod
538 699 662 736 intrat
691 704 730 736 et
758 698 904 736 vulnus
933 697 1048 736 facit:
1492 707 1510 711 ··

343 751 472 792 Theb.
504 750 564 796 10,
595 751 683 789 656.
728 750 854 788 Omne
885 750 999 789 sedet
1026 749 1162 793 telum,
1191 748 1293 786 nulli
1323 750 1407 787 sine
1436 749 1567 787 caedi-

1054 803 1131 840 bus
1161 803 1280 841 ictus.

345 857 416 894 Sil.
440 857 495 893 ·1t.
527 856 564 898 5,
595 855 684 894 345.
743 855 818 894 (Ἰν.
849 856 902 902 Μ.
933 855 967 900 3,
996 854 1061 894 87.
1130 854 1306 901 Fast.·›1,
1335 854 1424 893 576,
1487 852 1565 892 Sil,

400 961 482 998 Sed
511 973 596 997 eam
624 960 753 1010 ipsam
792 960 844 997 ob
880 972 1063 1007 causam,
1107 959 1218 1010 quod
1254 965 1316 997 est
1353 959 1490 1007 sedere
1527 961 1567 996 in

290 1013 360 1052 tali
388 1027 431 1051 re
457 1015 609 1050 usitata
636 1025 719 1050 vox
746 1014 793 1049 in·
815 1022 999 1050 nostrum
1026 1012 1159 1050 locum
1188 1012 1354 1050 inducta
1391 1018 1480 1050 esse
1507 1014 1567 1050 'vi-

291 1067 429 1113 detur,
446 1074 580 1118 quam
608 1065 780 1104 libenter
808 1065 1086 1116 amplecterer,
1115 1065 1192 1104 nisi
1223 1065 1435 1118 verborum
1461 1067 1566 1104 ratio

291 1119 550 1172 grammatica
577 1119 770 1157 obstaret„
851 1116 971 1156 Nune
1007 1120 1092 1157 seio
1129 1118 1304 1165 „sedet“
1332 1123 1567 1170 corruptum

290 1185 378 1210 esse
407 1186 456 1210 ex
485 1175 586 1210 voce
615 1171 764 1222 aliqua,
795 1183 898 1222 quae
925 1184 1008 1208 non
1037 1174 1192 1222 respuit
1216 1171 1440 1222 subjectum
1461 1183 1566 1216 „ma-

291 1233 404 1263 nus“.
477 1223 559 1264 Sed
605 1223 703 1262 nihil
749 1236 822 1275 pro
864 1229 975 1263 certo
1012 1223 1205 1263 affirmare
1242 1219 1382 1262 audeo*
1409 1229 1568 1276 praeter

291 1278 408 1322 illud,
440 1278 539 1316 vitio
568 1277 754 1314 laborare
781 1277 891 1314 hunc
918 1277 1064 1315 locum.

768 1389 884 1431 Theb.
917 1393 976 1437 10,
1010 1392 1098 1431 699.

603 1485 714 1537 quid,
747 1485 779 1523 si
807 1485 965 1524 insidiis
994 1492 1034 1524 et
1061 1486 1204 1525 fraude
1232 1486 1376 1525 dolosa

342 1539 429 1577 Rex
459 1540 553 1590 agit,
584 1544 760 1576 extrema
790 1542 854 1576 est
882 1539 947 1576 cui
974 1540 1114 1577 nostra
1141 1541 1182 1577 in
1212 1545 1320 1578 sorte
1347 1540 1479 1578 timori

343 1590 545 1630 Nobilitas
573 1597 722 1643 tuaque
750 1595 842 1628 ante
870 1590 994 1629 duces
1022 1594 1234 1630 notissima
1261 1593 1422 1631 virtus?

343 1643 457 1682 Illius
486 1643 585 1681 haec
611 1642 755 1682 forsan
784 1640 927 1690 remur,
958 1642 1060 1696 quae
1088 1645 1212 1684 verba
1240 1645 1405 1684 deorum

340 1696 410 1734 Ille
437 1701 594 1743 monet3
622 1710 673 1734 ne
700 1696 813 1734 frena
841 1698 974 1735 animo
1002 1699 1187 1748 permitte
1215 1693 1370 1736 calenti.

399 1749 504 1786 Sunt
531 1749 655 1788 verba
683 1748 868 1786 Creontis
903 1749 1027 1787 filium
1055 1751 1315 1790 Mmoeceum
1355 1763 1378 1787 a
1411 1763 1564 1801 propo·

289 1804 370 1839 sito
403 1814 479 1839 suo
508 1814 698 1840 revocare
726 1801 935 1853 cupientis.
971 1801 1090 1841 Cum
1122 1803 1222 1841 enim
1247 1802 1424 1841 Tiresias
1453 1811 1565 1843 vates

291 1855 403 1892 triste
431 1854 533 1892 illud
562 1868 803 1906 responsum
832 1855 1014 1894 tulisset:

341 1906 472 1944 Cadat
501 1909 658 1959 generis
689 1910 920 1959 quicunque
949 1910 1194 1947 novissimus
1224 1915 1336 1947 extat

344 1959 531 2011 Viperei:
562 1960 683 1998 datur
709 1961 788 1998 hoe
816 1966 971 1999 tantum
1003 1964 1170 2000 victoria
1197 1967 1319 2012 paeto

288 2011 530 2049 Menoeceus
557 2014 598 2050 vi
627 2013 765 2050 divina
793 2014 991 2063 impulsus
1029 2028 1049 2051 e
1085 2027 1228 2064 eampo
1256 2014 1428 2052 decessit
1457 2028 1561 2053 mor-

288 2068 366 2101 tem
396 2063 662 2104 voluntariam
691 2064 835 2116 procul
864 2078 887 2104 a
914 2066 1070 2117 proelio
1101 2067 1320 2107 subiturus.

317 2194 337 2206 ²
374 2190 401 2230 θ)
426 2189 600 2227 ‚,Vulnus“
630 2191 691 2222 hoe
721 2191 793 2221 loco
821 2202 881 2233 pro
913 2193 1067 2231 „telum“
1091 2198 1279 2236 usurpatum
1308 2199 1375 2234 est,
1406 2200 1441 2228 ut
1463 2206 1560 2240 saepe

284 2229 390 2304 1115711¹
404 2232 484 2305 5:333,
517 2231 559 2263 53
596 2232 733 2264 subitum
771 2232 901 2275 obliquo
938 2234 1103 2266 deseendit
1136 2236 1176 2267 ab
1211 2245 1285 2268 aere
1322 2237 1437 2271 vulnus
1470 2237 1559 2281 Vix-g.

623 2316 727 2347 haesit
748 2317 832 2348 enim
854 2318 915 2349 sub
933 2323 1064 2360 gutture
1088 2319 1202 2350 vulnus
1225 2324 1258 2351 et
1279 2320 1360 2352 udae

327 2355 430 2387 Vocis
452 2357 524 2394 iter,
546 2360 738 2399 tenuemque
759 2358 887 2391 inelusit
908 2361 1065 2404 sanguine
1087 2361 1193 2399 vitam,

284 2397 338 2428 ubi
360 2396 475 2430 vulnus
500 2403 550 2429 est
570 2409 630 2441 pro
655 2409 692 2430 sa
714 2399 770 2431 itta
793 2411 876 2443 quae
897 2402 994 2434 infert
1016 2403 1131 2434 vulnus
1155 2403 1194 2434 cf.
1218 2402 1394 2437 Markland.
1419 2406 1460 2439 ad
1482 2406 1556 2440 Silv.

283 2439 313 2477 2,
336 2438 366 2477 2,
390 2439 420 2472 6.
444 2439 482 2472 ef.
508 2439 606 2472 schoi.
632 2441 671 2473 ad
725 2441 753 2472 h.
777 2441 807 2480 9,
831 2443 901 2475 3⁴5.
