1678 2717
881 147 930 185 24

373 262 669 314 Adgemere:
714 262 840 301 Theb.
878 267 913 305 6,
955 267 1041 302 112.
1101 268 1160 308 11,
1199 268 1287 309 246,
1345 262 1420 302 Ov.
1468 263 1537 302 Tr.

267 321 300 358 1,
333 320 366 359 3,
402 319 487 353 112.
517 315 988 352 AecrescerezTheb.
1004 320 1039 361 4,
1071 320 1145 353 355
1163 317 1260 355 Tac.
1290 329 1381 355 ann.
1414 316 1446 356 1.
1480 319 1538 352 19.

265 366 542 405 Adnatare:
581 367 709 406 Theb.
751 372 784 411 7,
823 371 885 411 97,
941 366 1012 407 Sil.
1050 367 1097 405 It.
1139 372 1200 416 10,
1238 373 1327 408 610.
1381 367 1540 406 Ader-

262 433 392 464 rare,
435 420 565 459 Theb.
610 425 644 466 9,
680 426 765 460 178.
823 421 920 458 Silv.
960 424 994 466 2,
1022 421 1057 466 2,
1091 425 1175 462 120,
1231 422 1538 460 Adcantare:

265 473 355 511 silv.
386 478 422 517 4,
454 479 490 517 4,
521 477 581 510 55.
627 473 936 510 Adsibilare:
974 477 1008 519 5,
1038 477 1126 512 578.
1167 473 1539 518 Adverberare;

265 532 300 570 9,
336 529 424 564 686.
469 525 771 564 Advertere:
818 531 852 572 4,
891 529 979 565 202.
1036 530 1072 571 4,
1105 530 1200 565 712:
1243 525 1541 578 adven-erisque

265 579 445 616 natantia
479 589 582 616 saxa
622 578 870 623 Charadrus,
915 578 984 615 ubi
1020 578 1138 617 codd.
1181 578 1378 616 fluctuant
1416 580 1539 617 inter:

265 630 502 678 advertens,
525 631 751 676 advertens,
773 631 1007 669 advolvens.
1041 631 1385 670 Adaestuare·
1409 631 1539 670 Theb.

265 688 299 729 5,
319 688 407 724 517.
437 661 743 730 Advoivere3
773 685 860 724 silv
888 689 996 728 5‚‚e1
1030 684 1385 736 73arisP1-0p.3‚
1427 689 1534 731 15,1

264 736 366 774 Vell.
403 743 439 781 2,
478 741 540 777 80
597 737 881 774 Affundere
926 737 1056 775 Theb.
1111 743 1144 776 3.
1193 742 1280 775 686.
1338 737 1539 775 Affran

261 801 389 840 gere:
434 789 564 830 Theb.
597 794 630 836 5,
665 795 749 829 150.
813 795 871 835 10,
902 794 965 833 47,

371 874 509 911 Verba
555 887 643 911 cum
686 887 874 924 praepos.
921 876 1024 911 intel
1076 875 1320 924 composita,
1348 888 1538 926 ⁴quorum

268 926 465 978 quaedam
503 927 675 965 Statiani
710 928 905 965 sermonis
935 929 1101 978 propria
1126 932 1233 972 sunt,
1263 927 1442 965 dativum
1468 926 1538 965 ad-

262 979 446 1029 junctum
483 979 656 1018 habent:
699 980 1021 1018 Intervenire
1057 980 1145 1019 silv.
1186 984 1219 1026 2,
1250 984 1284 1025 2,
1318 985 1363 1019 15
1392 981 1557 1020 monti-.

267 1047 345 1084 que
375 1033 588 1071 intervenit
614 1033 734 1070 imum
765 1033 896 1069 Littus
925 1032 974 1071 cf.
997 1032 1072 1072 OV.
1102 1033 1155 1070 M.
1190 1037 1222 1079 7,
1251 1037 1327 1071 454
1361 1038 1418 1082 11,
1446 1030 1538 1072 708.

263 1086 597 1125 Interverire:
639 1085 768 1125 Theb.
816 1090 851 1132 4,
889 1089 936 1124 98
975 1085 1169 1138 laetisque
1204 1087 1339 1126 minax
1373 1088 1538 1125 intervi-

262 1145 322 1177 ret
359 1139 507 1177 herbis.
568 1144 602 1184 6,
650 1143 738 1178 639.
794 1138 1147 1178 Intersonare:
1188 1144 1223 1184 5,
1255 1144 1343 1179 344.
1373 1140 1537 1177 Inter-

262 1192 502 1230 funderet·
541 1197 572 1238 1,
603 1195 664 1230 62.
720 1191 860 1230 Avien.
896 1191 1051 1243 Perieg.
1083 1194 1157 1230 255
1198 1205 1287 1230 cum
1326 1205 1407 1230 acc.
1440 1191 1537 1236 ibid,

271 1249 370 1284 1110
408 1258 498 1283 cum
543 1244 624 1284 dat.
688 1243 1046 1296 Interiungere
1083 1248 1118 1291 6,
1165 1249 1252 1284 307
1308 1246 1536 1284 Intermi-

264 1309 427 1335 scere·
464 1297 560 1335 Silv.
601 1302 634 1342 5,
667 1301 698 1342 1,
729 1300 777 1334 94
806 1297 993 1347 maniplis
1022 1297 1091 1334 cfr.
1127 1297 1270 1336 Markl.
1301 1297 1412 1336 adh.
1443 1297 1467 1336 l.
1498 1303 1538 1334 et

268 1349 412 1388 Imhof.
445 1348 494 1387 de
524 1348 612 1389 silv.
644 1348 746 1387 Stat.
785 1348 936 1387 condit.
973 1349 1059 1389 erit.
1095 1348 1223 1388 Halae
1263 1353 1362 1389 1859
1402 1363 1535 1402 progr.

259 1417 302 1454 p.
342 1407 400 1442 17.
438 1401 522 1440 Liv.
563 1409 598 1447 4,
652 1406 700 1439 56
739 1403 895 1440 turbam
933 1402 1188 1454 indignorum
1225 1403 1534 1446 intermiscendo
1582 1402 1586 1406 ’

262 1456 406 1507 dignis.

371 1529 432 1568 Ex
460 1530 810 1568 similitudine
839 1530 980 1568 verbi
1004 1531 1122 1568 dare
1147 1531 1374 1579 (tradere)
1393 1543 1535 1583 quae·

261 1586 368 1624 dam
398 1585 551 1621 verba
579 1596 681 1620 cum
710 1596 882 1634 praep.
918 1588 1061 1621 trans
1095 1586 1379 1634 composita
1406 1584 1535 1621 dati-

261 1649 373 1675 vum
400 1640 681 1682 assumunt,
710 1649 851 1687 quem
879 1648 1000 1674 cave
1029 1649 1119 1687 pro
1150 1636 1306 1674 locali
1333 1636 1533 1674 habeas.

261 1689 347 1727 Est
384 1690 531 1735 enim,
568 1691 707 1726 utin
742 1691 855 1739 ipso
885 1688 1034 1726 verbo
1069 1688 1293 1734 tradere,
1330 1691 1534 1739 species

263 1742 502 1794 quaedam
533 1741 697 1780 dativi
726 1755 865 1792 quem
895 1741 1073 1779 dicunt
1101 1741 1359 1784 commodi.
1404 1742 1532 1781 Theb.

262 1799 297 1841 2,
330 1799 377 1833 73
408 1808 498 1832 cum
527 1799 576 1839 te,
606 1799 717 1831 tener
742 1794 853 1838 Evie,
882 1798 1024 1844 partus
1050 1795 1326 1833 Transmisere
1349 1795 1466 1845 patri.
1497 1801 1533 1839 4,

260 1853 299 1893 4,
332 1851 407 1885 750
437 1847 661 1884 arcitenens
690 1860 762 1884 seu
777 1852 827 1891 te,
843 1846 1025 1890 Latonia,
1056 1852 1169 1885 casto
1188 1846 1249 1884 De
1268 1859 1388 1898 grege
1403 1851 1534 1885 trans-

264 1900 372 1937 misit
399 1899 596 1937 thalamis.
629 1903 664 1943 5,
697 1903 783 1945 634,
818 1899 1098 1937 transfundere
1127 1900 1287 1950 gremio.
1344 1899 1531 1938 Dativum

266 1954 447 2003 sequitur
474 1951 694 1989 infinitivus
723 1964 887 2003 epexeg.
924 1951 1019 1990 Silv.
1052 1956 1085 1995 3.
1116 1957 1152 1997 3,
1184 1956 1231 1990 78
1260 1951 1384 2003 longo
1401 1956 1532 1990 trans·

260 2006 366 2044 misit
403 2004 551 2043 habere
589 2005 739 2055 nepoti.
797 2004 985 2043 Similiter
1012 2005 1123 2056 Virg.
1153 2004 1199 2043 A.
1229 2010 1262 2051 3,
1293 2008 1366 2043 329
1402 2009 1532 2044 trans-

260 2059 365 2096 misit
399 2071 461 2096 me
498 2058 656 2095 Heleno
694 2057 932 2097 habendam.
970 2058 1039 2096 cfr.
1077 2060 1195 2095 etiam
1230 2058 1308 2097 Th.
1352 2063 1412 2104 10,
1443 2062 1530 2098 630.

260 2112 488 2151 Ablativum
526 2116 657 2150 autem
695 2111 990 2150 instrumentali
1026 2111 1066 2150 vi
1108 2111 1292 2150 indutum
1330 2125 1532 2164 cognosce

260 2169 299 2202 in
326 2165 409 2203 his·
438 2165 537 2203 Ach.
576 2168 650 2202 362
673 2165 759 2214 jam
795 2170 933 2202 mutua
955 2166 1050 2215 jura
1085 2165 1235 2202 Fallere
1273 2166 1532 2204 transmissae

259 2217 404 2270 pelago
442 2217 615 2256 didicere
653 2219 819 2256 carinae.
887 2217 984 2257 Silv.
1025 2221 1060 2262 5,
1099 2222 1133 2263 3,
1172 2222 1258 2257 171.
1315 2217 1358 2257 Si
1386 2217 1531 2270 chelyn

198 2281 202 2286 ’
261 2270 467 2323 Odrysian
494 2273 611 2321 pigro
639 2271 863 2309 transmisit
888 2271 1049 2309 Averno
1067 2270 1200 2309 Causa
1215 2273 1356 2309 minor.
1409 2270 1532 2319 Quod

258 2337 355 2363 vero
384 2324 531 2377 legitur
557 2322 654 2361 Ach.
689 2329 720 2369 1,
750 2327 824 2362 229
855 2323 905 2362 de
941 2323 1115 2363 Thetide
1141 2323 1267 2362 filium
1296 2337 1412 2362 suum
1444 2338 1529 2362 mu-

259 2378 372 2418 liebri
416 2377 528 2416 cultu
562 2376 754 2414 induente
790 2390 864 2424 „ac
897 2389 973 2416 sua
1001 2376 1148 2415 dilecta
1184 2379 1335 2417 cervice
1368 2377 1530 2416 monilia

260 2430 471 2470 transfert“
499 2430 539 2468 in
569 2442 616 2469 eo
647 2429 848 2468 ablativus
885 2430 1092 2482 significat,
1136 2429 1243 2468 unde
1272 2436 1404 2469 sumta
1444 2443 1528 2468 mo·
