1678 2717
912 145 958 183 12

781 302 922 342 Achill.
956 304 988 347 1,
1014 269 1079 342 bo.

347 398 470 436 Pelea
491 398 575 449 jam
607 396 758 435 desiste
786 400 900 448 queri
928 396 1211 447 thalamosque
1238 399 1426 436 minores.

347 449 573 490 Credideris
602 450 808 502 peperisse
836 449 928 489 Jovi
957 462 1032 489 nec
1058 449 1187 488 inulta
1215 449 1385 489 dolebis.

402 524 570 563 Solatur
605 524 823 575 Neptunus
864 523 1077 561 Thetidem
1123 527 1306 574 questam
1347 523 1397 562 de
1435 523 1573 575 iniqua

294 590 369 617 sua
397 581 528 623 sorte,
568 576 701 628 quod,
740 579 805 616 cui
841 579 983 615 summi
1013 575 1130 615 Jovis
1157 578 1324 628 nuptiae
1351 576 1574 628 promissae

292 631 460 678 fuerint,
490 643 541 668 ex
567 630 729 669 mortali
756 629 964 668 mortalem
997 629 1201 682 genuerit,-
1241 630 1304 667 cui
1336 629 1423 668 fato
1452 630 1574 669 desti-

295 689 437 723 natum
474 683 547 729 sit,
587 687 635 720 ut
668 682 776 721 bello
806 681 987 732 Trojano
1015 687 1165 734 pereat.
1233 682 1390 730 Quodsi
1420 682 1574 720 dolenti

293 737 515 788 Neptunus
539 712 731 782 ’dicei-et,
735 740 849 780 ‚uta
876 740 917 774 te
943 735 1150 787 peperisse
1166 733 1281 775 Jovi“
1305 734 1350 774 id
1378 747 1476 774 sane
1502 747 1575 787 per

293 789 514 827 ludibrium
541 787 675 826 dicere
704 788 743 826 vi
775 793 919 827 eretur
981 787 1038 826 Ut
1063 800 1162 827 vero
1190 788 1470 835 „credideris“
1496 801 1572 839 pro

294 841 434 881 futuro
465 846 609 880 exacto
638 841 833 892 simplicis
859 840 984 879 futuri
1011 842 1179 880 notione
1203 841 1460 893 accipiamus,
1488 840 1573 879 fieri

294 908 377 933 non
408 899 557 946 potest,
589 894 780 932 obstante
807 894 1040 940 verborum,
1070 906 1173 945 quae
1201 899 1436 945 sequuntur,
1466 893 1572 932 stru-

297 954 423 986 ctura.
489 946 663 985 Omnino
694 946 948 985 scribendum
979 951 1077 993 est,
1080 946 1340 993 ,Crederis
1369 947 1574 998 peperisse

294 1000 423 1039 Jovi“
461 999 576 1051 quod
604 1012 678 1051 ego
709 999 804 1037 olim
834 999 1103 1050 conjeceram,
1145 1013 1235 1037 cum
1267 999 1316 1037 111
1348 999 1456 1038 hanc
1485 1002 1573 1051 opi-

293 1055 456 1090 nionem
498 1052 584 1103 jam
633 1051 826 1090 incidisse
871 1051 1019 1089 doctus
1056 1064 1144 1089 sum
1180 1052 1385 1090 Menkium
1421 1053 1460 1090 in
1491 1052 1574 1091 Ob-

300 1109 466 1144 servatt.
504 1105 589 1142 crit.
626 1105 667 1142 in
703 1104 822 1143 Statii
849 1103 994 1142 Achill.
1026 1103 1244 1156 Gottingae
1288 1104 1389 1143 1814
1430 1118 1471 1157 p
1512 1105 1572 1144 19

291 1158 436 1209 Itaque
465 1157 515 1195 de
533 1170 581 1195 eo
596 1156 689 1195 loco
709 1157 917 1209 disputare
937 1170 983 1195 su
1017 1136 1266 1202 ersedissem,
1295 1158 1373 1196 nisi
1392 1160 1434 1196 in
1447 1159 1573 1196 omni-

295 1211 374 1248 bus
426 1209 672 1248 editionibus
723 1209 942 1248 absurdam
1007 1210 1185 1248 ibrorum
1226 1223 1324 1249 mss.
1359 1211 1572 1249 lectionem

296 1263 460 1302 retineri
488 1262 689 1308 viderem,
732 1263 783 1300 de
812 1275 893 1314 qua
920 1266 966 1300 ut
995 1262 1123 1300 omnis
1151 1265 1194 1300 in
1221 1267 1428 1314 posterum
1456 1263 1574 1302 dubi-

294 1316 395 1354 tatio
412 1315 575 1353 sublata
588 1315 787 1361 videatur,
816 1315 1094 1353 auctoritatem
1123 1315 1258 1360 affero,
1289 1328 1370 1367 qua
1383 1316 1572 1356 Menkius

295 1381 396 1406 usus
424 1381 508 1406 non
536 1372 611 1413 est,
643 1368 901 1406 certissimam
931 1367 1186 1415 scholiastae,
1215 1368 1285 1419 qui
1312 1368 1353 1406 in
1379 1368 1573 1420 interpre-

297 1422 451 1459 tatione
480 1433 555 1458 sua
581 1422 711 1472 ipsius
738 1426 887 1481 poetae
916 1420 1038 1459 verba
1064 1419 1148 1459 fere
1184 1422 1352 1473 propria
1385 1424 1573 1467 servavit,

296 1478 343 1512 ut
371 1473 490 1511 locus
518 1486 603 1512 non
631 1478 713 1512 tam
743 1474 976 1525 conjectura
1011 1479 1178 1512 sanatus
1215 1486 1336 1525 quam
1372 1487 1393 1512 e
1429 1474 1572 1513 scholii

295 1527 479 1577 vestigiis
506 1526 718 1565 restitutus
743 1526 884 1565 haberi
923 1526 1078 1565 debeat.
1147 1526 1225 1565 Est
1266 1531 1397 1566 autem
1442 1527 1571 1567 schol.

295 1579 511 1632 explicatio
539 1579 657 1617 haec:

405 1631 504 1671 Cum
523 1632 715 1684 Juppiter
738 1632 870 1679 vellet,
901 1631 1102 1671 Thetiden
1131 1631 1289 1678 ducere,
1318 1633 1404 1672 fata
1430 1633 1570 1685 prohi-

296 1686 483 1731 b,uerunt
513 1698 561 1724 eo
578 1685 706 1776 {uoq
732 1685 881 1737 proles,
912 1698 1015 1737 quae
1041 1690 1275 1725 nasceretur
1289 1685 1432 1733 Jovem
1448 1687 1571 1738 pelle-

294 1743 357 1776 ret
384 1737 722 1789 regnabatis
750 1739 890 1789 nupsit
904 1738 1027 1776 Peleo
1055 1738 1216 1777 mortali
1242 1730 1408 1779 homini.
1462 1739 1570 1791 Ergo

294 1791 392 1829 dum
429 1794 663 1842 quereretur
697 1790 808 1841 apud
835 1790 1069 1842 Neptunum
1107 1794 1147 1828 et
1183 1791 1340 1829 timeret
1365 1792 1417 1829 de
1443 1754 1571 1831 morgte

292 1842 465 1881 Achillis
495 1856 543 1881 eo
573 1843 687 1894 quod
712 1848 830 1894 patre
857 1847 966 1881 esset
991 1843 1193 1887 mortalis,
1229 1843 1329 1882 dicit
1356 1844 1572 1895 Neptunus

292 1909 377 1934 non
405 1896 535 1934 timeri
564 1895 615 1933 de
643 1909 704 1941 ec,
734 1898 832 1948 quia
859 1895 953 1934 talis
979 1895 1142 1934 futurus
1171 1901 1289 1937 esset.
1317 1901 1365 1935 ut
1387 1897 1573 1936 credatur

291 1949 381 1989 Deo
396 1951 570 2002 genitus
611 1948 722 2001 Ergo
752 1951 812 1988 sic
839 1949 947 1988 illam
976 1949 1227 1989 consolatur:
1282 1949 1379 1989 Noli
1407 1963 1573 2002 querere

294 2002 458 2052 (scribet
487 2001 594 2040 noli
623 2002 767 2053 queri
794 2002 859 2041 vel
884 2015 942 2040 ne
972 2007 1202 2053 querere)
1231 2002 1342 2053 quod
1372 2003 1422 2041 de
1448 2003 1587 2043 Peleo

290 2054 452 2093 mortali
480 2055 533 2093 sit
560 2056 738 2106 genitus,
784 2056 910 2107 quia
952 2054 1184 2094 crederis
1226 2068 1331 2094 eum
1360 2054 1419 2095 de
1444 2055 1570 2095 Jove

289 2108 605 2159 peperisse.“

771 2181 866 2221 Silv.
896 2182 932 2221 2.
963 2182 999 2222 6.
1032 2181 1093 2221 10.

345 2264 429 2306 Sed
453 2265 644 2305 famulum
673 2268 809 2318 gemis,
838 2265 942 2306 Urse
968 2265 1091 2328 pium,
1119 2265 1191 2305 sed
1218 2279 1352 2306 amore
1378 2266 1539 2329 fideque

342 2318 429 2358 Has
457 2321 639 2358 meritum
668 2319 865 2366 lacrimas,
894 2320 958 2358 cui
985 2320 1115 2372 major
1143 2323 1351 2359 stemmate
1371 2320 1516 2372 juncto

344 2371 549 2411 Nobilitas
579 2385 628 2410 ex
658 2377 789 2411 mente
817 2373 905 2411 fuit.
962 2372 1025 2411 Ne
1054 2375 1269 2425 comprime
1296 2371 1427 2418 fletus,

345 2425 407 2463 Ne
434 2425 625 2476 puderet,
653 2433 816 2476 rumpat
843 2426 981 2465 frenos
1012 2426 1131 2465 dolor
1158 2428 1244 2473 iste,
1273 2426 1441 2477 deisque
