1678 2717
717 920 901 994 Pars
944 926 1001 995 Ι.

720 1062 844 1104 Theb.v
870 1062 907 1110 1,'
924 1065 1010 1104 103.

284 1159 452 1198 Centum
480 1159 539 1198 illi
567 1165 720 1199 stantes
750 1160 991 1199 umbrabant
1019 1172 1091 1198 ora
1119 1166 1297 1199 cerastae

285 1213 424 1251 Turba
451 1215 583 1251 minor
612 1213 689 1252 diri
720 1214 885 1266 capitis-33
915 1213 1029 1252 sedet
1057 1214 1165 1252 intus
1194 1214 1347 1253 abactis

282 1262 427 1304 Ferrea
453 1266 525 1319 lux
555 1267 697 1313 oculis,
727 1290 779 1296 --

334 1339 538 1378 Describit
594 1345 717 1391 poeta
757 1341 939 1379 habitum
985 1340 1207 1391 faciemque
1249 1341 1497 1391 Tisiphones

228 1391 367 1437 furiae,
416 1405 518 1443 quae
555 1392 653 1431 diris
681 1393 869 1443 precibus
899 1392 1045 1444 Oedipi
1074 1397 1275 1431 commota
1317 1393 1500 1431 ascendit

230 1444 279 1481 ab
308 1444 458 1492 inferis,
505 1451 550 1483 ut
577 1445 753 1484 nefarios
781 1445 889 1484 filios
925 1446 1010 1484 eius
1048 1446 1100 1484 ad
1144 1445 1306 1485 fatalem
1349 1446 1508 1495 exitum,

229 1497 436 1547 perducat.
491 1500 626 1550 Atque
669 1499 801 1550 capita
842 1498 1002 1550 quidem
1059 1498 1250 1538 furiarum
1294 1500 1499 1553 anguibus

232 1552 531 1603 circumplicata
557 1552 654 1604 fingi
684 1566 708 1590 a
734 1555 868 1604 poetis
884 1565 1002 1590 nemo
1032 1557 1103 1599 est,
1133 1553 1201 1604 qui
1229 1553 1397 1605 ignoret,
1426 1552 1496 1591 sed

207 1617 299 1642 cur
327 1611 486 1644 centum
512 1606 570 1644 illi
599 1610 776 1645 cerastae
804 1611 929 1657 caput
955 1605 1206 1657 Tisiphones
1247 1606 1496 1646 circumdan-

227 1663 287 1695 tes
331 1660 585 1710 appellentur
625 1673 649 1697 a
677 1660 809 1697 Statio
851 1660 972 1697 turba
1015 1660 1178 1697 minor
1219 1659 1296 1698 diri
1338 1662 1497 1711 capitis,

228 1710 379 1750 frustra
408 1713 667 1764 quaesiveris.
723 1712 922 1754 Numnam
949 1712 1072 1751 habet
1099 1711 1169 1750 illa
1196 1713 1327 1751 varias
1357 1714 1497 1759 turbas

228 1764 292 1803 vel
319 1765 404 1804 ulla
430 1767 587 1804 ratione
615 1766 827 1804 distinctas
857 1766 1072 1818 anguium?
1118 1765 1164 1803 In
1199 1779 1364 1804 numero
1409 1767 1497 1817 qui-¹

229 1818 317 1856 dem
347 1818 559 1864 discrimen
587 1819 820 1870 ponendum
847 1833 931 1857 non
972 1832 1062 1857 esse
1104 1818 1295 1857 docemur
1338 1818 1496 1858 scholio

228 1871 438 1918 Lactantii‚
475 1874 542 1926 qui
572 1872 624 1925 ad
651 1877 856 1921 „centum‘⁴
894 1886 1035 1912 vocem
1069 1871 1258 1912 adnotat:
1303 1886 1402 1924 „pro
1438 1875 1497 1911 in-

227 1927 543 1975 numerabilibus
557 1928 730 1977 posuit“‚
785 1927 927 1978 Neque
950 1940 1045 1965 vero
1065 1938 1234 1975 usquam
1252 1932 1398 1975 poetae
1426 1939 1497 1964 an-

227 1991 338 2028 gues,
381 1992 485 2031 quos
512 1979 626 2021 furiis
655 1979 851 2024 tribuunt,
894 1980 1022 2017 forma
1049 1990 1095 2015 ac
1122 1989 1323 2024 mensura,
1367 1983 1417 2017 ut
1441 1979 1498 2017 ita

228 2031 370 2078 dicam,
407 2033 590 2084 corporis
626 2034 683 2071 ita
710 2031 976 2084 distinguunt,
1013 2036 1059 2070 ut
1087 2030 1244 2069 dicatur
1271 2031 1396 2073 ‘turba
1418 2032 1495 2078 11ιὶ-Λ

227 2097 319 2122 nor
346 2091 416 2123 aut
442 2087 598 2123 maior
625 2087 648 2125 i.
680 2099 712 2125 e.
742 2087 943 2124 minorum
969 2091 1040 2123 aut
1070 2085 1261 2122 maiorum
1290 2086 1492 2136 anguium.

229 2137 304 2176 Ov.
333 2138 386 2176 M.
416 2138 451 2184 4,
479 2138 578 2177 490:
1206 2178 1209 2182 ,

280 2191 475 2243 Nexaque
502 2191 673 2243 vipereis
702 2190 937 2231 distendens
963 2190 1130 2230 brachia
1155 2190 1278 2233 nodis

281 2245 503 2284 Caesariem
561 2247 760 2284 excussit:
805 2245 904 2297 (scil.
926 2244 1124 2297 Erinnys)
1151 2250 1287 2283 motae
1326 2257 1497 2291 sonuere

996 2297 1196 2336 colubrae.
1393 2335 1395 2337 .

228 2352 323 2390 ibid'.
354 2352 455 2392 8002
492 2351 749 2404 Gorgoneum
777 2357 917 2402 turpes
928 2352 1075 2390 crinem
1102 2354 1275 2389 mutavit
1285 2351 1326 2389 in
1338 2350 1497 2402 hydros

228 2405 309 2445 vid.
338 2407 458 2443 etiam
472 2405 578 2446 Fast.
608 2404 743 2452 2,257.
798 2404 942 2445 Solent
967 2404 1095 2443 furiae
1123 2403 1235 2456 apud
1252 2408 1396 2455 poetas
1412 2416 1495 2441 ma-

227 2459 348 2499 nibus
376 2470 528 2510 angues
570 2463 773 2510 tamquam
814 2471 923 2505 arma
964 2463 1156 2511 gestarem
1177 2469 1293 2508 qum,
1331 2456 1496 2508 quando

227 2524 393 2554 necesse
421 2516 493 2557 est,
521 2524 542 2549 e
571 2512 749 2553 crinibus
778 2517 952 2558 sumunt,
982 2511 1094 2559 velut
1112 2509 1239 2561 ¹apud

1290 2574 1304 2605 l
