1678 2717
863 145 886 190 5

233 271 313 308 loci
339 274 522 307 naturae
533 267 741 308 rationem
756 269 904 306 habere
943 269 1142 314 volumus,
1186 268 1286 306 nihil
1313 272 1499 306 occurrat

235 321 579 362 accommodatius
607 332 725 373 quam
750 321 877 364 illud:

746 376 827 414 huc
851 388 1037 426 mergere
1057 379 1194 413 suetae

266 436 358 464 ora
378 422 425 464 et
451 427 685 465 anhelantes
712 434 830 466 usto
857 427 1153 481 Phlegethonte
1181 431 1373 465 cerastas

338 479 414 518 Est
439 484 607 526 antem,
612 485 741 527 ,ustus
756 480 887 533 Phleg
889 477 1039 520 ethon“
1067 480 1223 519 fervida
1252 492 1326 518 seu
1345 475 1499 516 ardenti

236 533 341 570 mole
370 532 577 584 profluens
606 534 753 575 amnis·
803 495 887 572 Sicg
897 534 979 571 fere
1008 533 1141 573 Theb.
1170 533 1207 578 8,
1240 532 1301 570 17.

285 584 401 623 Tunc
430 589 640 637 regemunt
664 586 850 638 pigrique
877 586 1001 624 lacus
1017 590 1215 636 ustaeque
1242 581 1416 635 paludes

643 639 713 677 ubi
741 639 834 678 vide
860 639 1043 677 Lactant.
1100 637 1249 678 Lucan.
1281 641 1315 682 3,
1347 640 1405 674 13.

283 690 507 741 Praeparat
534 691 762 729 innumeras
792 704 954 742 puppes
983 690 1226 728 Acherontis
1254 688 1388 726 adusti

647 743 842 783 Portitor.
900 743 1003 781 Stat
1034 742 1133 780 Silv.
1166 742 1267 786 2,1,
1300 739 1387 778 186.

641 796 738 847 quin
765 797 853 847 ipse
883 796 1022 834 avidae
1050 801 1144 832 trux
1171 794 1309 833 navita
1338 791 1503 844 cymbae

286 843 453 888 Interius
483 835 639 886 steriles
667 848 777 899 ripas
805 854 844 886 et
872 849 1019 908 adusta
1046 847 1198 886 subibit
1226 847 1394 884 Littora.

336 901 550 940 Passivum
585 900 744 943 verbi.
747 906 936 947 ,⁶urere‘
965 902 1128 938 omnino
1161 907 1380 950 usurpatur
1427 908 1502 948 pro

233 953 425 998 ardere,
452 952 636 990 calere:
668 952 769 1000 Stat,
799 953 896 997 silv,
929 957 963 997 1,
994 955 1028 997 5,
1058 957 1122 991 46

683 1005 763 1044 alio
794 1005 857 1044 sol
881 1005 1090 1068 improbus
1116 1004 1248 1044 uritur
1274 1009 1417 1042 aestu.

286 1058 359 1096 Ov.
391 1058 511 1104 M.7,
552 1063 636 1096 109.
673 1058 846 1097 Pectora
880 1060 937 1096 sic
964 1058 1074 1095 intus
1112 1057 1270 1097 clausas
1299 1056 1503 1096 volventia

992 1109 1168 1149 flammas

572 1164 827 1217 Gutturaque
854 1170 947 1203 usta
975 1170 1132 1203 sonant.

287 1217 428 1261 Catull.
460 1222 520 1263 61,
552 1221 624 1256 176
653 1217 716 1256 Illi
742 1231 827 1256 non
852 1220 984 1264 minus
1012 1230 1058 1255 ac
1086 1218 1159 1255 tibi

648 1269 818 1309 Pectore
845 1272 974 1309 uritur
1000 1269 1140 1308 intimo

584 1358 586 1360 .
651 1311 839 1362 Flamma.

641 1412 642 1415 ’
715 1428 819 1468 'theb
864 1429 901 1481 4,
931 1429 1019 1468 557.

285 1513 528 1565 Terrigenae
556 1511 723 1551 comites
750 1504 858 1560 illos,
883 1526 983 1560 gens
1011 1513 1168 1558 Martia,
1198 1514 1376 1564 cingunt.

283 1566 359 1605 His
389 1566 479 1606 aevi
504 1579 691 1605 mensura
717 1566 817 1613 dies,
844 1580 986 1606 manus
1015 1568 1144 1605 omm's
1173 1568 1214 1604 in
1242 1565 1361 1604 armis

284 1619 424 1658 Omnis
452 1624 492 1657 et
518 1620 558 1657 in
588 1619 755 1671 capulo:
785 1619 1005 1671 prohibent
1023 1620 1269 1670 obstantque
1285 1623 1501 1670 ruuntque.

336 1692 494 1731 Edocet
526 1692 730 1732 Phoebeia
763 1693 903 1732 Manto
934 1699 1088 1745 patrem
1117 1706 1232 1731 suum
1261 1706 1425 1732 caecum
1453 1692 1503 1732 de

232 1747 352 1786 turba
379 1745 655 1786 advolantium
681 1746 924 1794 umbrarum,
951 1748 1185 1786 nominatim
1212 1759 1295 1794 eos,
1323 1747 1391 1799 qui
1418 1759 1501 1785 cer-

228 1805 391 1848 nuntur,
421 1799 647 1851 appellans,
684 1805 723 1839 et
752 1813 832 1852 quo
861 1801 1034 1852 quisque
1061 1801 1203 1838 habitu
1232 1798 1402 1852 visuque
1431 1813 1501 1863 ap-

230 1858 371 1905 pareat
399 1858 585 1892 accurate
614 1853 856 1893 describens.
912 1854 969 1892 Ac
998 1854 1215 1905 terrigenas
1253 1854 1416 1905 quidem
1443 1856 1501 1905 gi-

230 1911 371 1959 gantes
399 1907 455 1944 ait
484 1911 621 1944 omnes
649 1907 690 1945 in
719 1909 837 1945 armis
866 1919 955 1945 esse
989 1919 1213 1958 manusque
1250 1907 1303 1945 ad
1341 1906 1501 1958 gladios

229 1960 412 2000 admotas
440 1959 609 2002 habere:

334 2063 336 2065 v
514 2025 657 2054 manus
688 2014 816 2053 omnis
844 2016 885 2052 in
913 2016 1033 2052 armis

283 2066 424 2105 Omnis
453 2071 493 2105 et
519 2066 561 2104 in
590 2066 750 2119 capulo

332 2120 442 2159 Inest
477 2120 519 2158 in
553 2119 618 2158 his
655 2121 786 2160 verbis
823 2120 866 2158 id
895 2120 1008 2172 quod
1036 2121 1215 2160 Tiresias
1250 2134 1341 2159 cum
1377 2134 1501 2172 prop-

228 2178 294 2210 ter·
317 2173 546 2216 caecitatem
576 2175 733 2228 nesciat
748 2184 772 2212 a·
795 2173 878 2211 filia
894 2174 1074 2212 docetur
1129 2173 1207 2211 Illa
1228 2179 1371 2220 autem,
1400 2186 1502 2225 quae

227 2221 513 2277 praecedunt,
514 2225 619 2274 ‚His
628 2224 720 2266 aevi
744 2238 929 2266 mensura
948 2226 1066 2265 dies“
1093 2238 1349 2280 nequaquam
1367 2239 1499 2278 parem

227 2280 423 2329 praebent
452 2256 702 2327 seiitentiam‚
722 2289 861 2332 neque
894 2291 1046 2319 novum
1084 2280 1320 2343 quidquam
1340 2280 1500 2332 praedi·

228 2335 321 2370 cant
349 2332 410 2369 de
418 2332 660 2385 gigantibus,
689 2333 799 2385 quod
815 2345 863 2370 eo
883 2332 1041 2372 demum
1059 2336 1266 2385 tempore’
1255 2348 1296 2371 ιιι
1311 2333 1358 2371 iis
1374 2345 1500 2385 appa-

225 2389 322 2429 reat,
352 2399 435 2437 quo
467 2386 607 2425 Manto
635 2387 806 2438 speciem
835 2385 1064 2426 umbrarum
1095 2389 1198 2438 patri
1217 2400 1337 2425 caeco
1353 2386 1499 2425 descri-

227 2439 296 2477 bit
354 2440 478 2489 Atqui
508 2439 689 2477 inlibris
719 2454 811 2479 mss.
846 2440 946 2478 haec
985 2440 1066 2478 duo
1107 2440 1318 2478 enunciata
1353 2453 1499 2491 aequa-
