1678 2717
781 127 828 165 15

174 245 438 295 ,‚consopita“
492 243 652 287 dictam,
697 257 812 295 quae
851 247 915 283 vis
949 244 1085 282 existit
1125 244 1284 295 adjecta
1338 256 1439 282 voce

175 302 369 343 ,‚somno“
398 294 537 333 sedin
566 295 678 333 nudo
706 296 829 334 verbo
857 309 941 334 non
969 301 1059 336 ests
1096 296 1224 334 Nimis
1253 301 1372 334 acuta
1400 301 1440 334 et

172 364 196 389 a
223 350 391 400 vulgata
432 348 607 386 lectione
647 349 802 386 absona
839 354 902 387 est
939 349 1163 387 emendatio
1191 349 1438 388 Marklandi:

171 401 349 448 „blando
387 414 470 452 qua
507 411 637 439 mersa
663 406 827 439 veterno
894 402 1032 440 Actias
1096 402 1299 440 Ausonias
1335 402 1441 453 fugit

179 454 395 504 Cleopatra
424 457 624 492 catenas.“
677 452 751 499 En,
794 466 912 505 quam
940 454 1018 492 leni
1054 457 1276 493 mutatione
1311 455 1441 493 omnis

172 511 385 545 evanescat
439 505 679 544 difficultas:
815 542 818 545 ,
1019 550 1020 553 ¹
1346 534 1349 539 ,

227 581 229 583 -
489 575 492 579 ·
754 558 906 596 blando
963 573 1043 610 qua
1095 573 1255 598 morsa
1282 574 1438 600 veneno

221 612 358 651 Actias
385 611 586 649 Ausonias
614 612 731 663 fugit>
757 610 973 663 Cleopatra
1007 617 1168 651 catenas
1196 613 1223 652 i.
1260 626 1293 652 e.

167 665 320 703 blando
330 668 518 716 anguium
527 672 813 714 venenatorum
822 678 958 702 morsu
966 666 1210 703 vulnerata“.
1237 666 1435 705 Blandum

170 717 254 756 scil.
275 721 445 755 vocatur
464 730 672 761 venenum,
686 719 785 767 quia
803 721 968 766 torpore
977 722 1016 753 et
1026 717 1436 768 somnoCleopatram

168 765 510 807 nihii-sentientem
519 769 757 806 conficiebat
773 767 840 806 Sic
849 768 1018 818 Prop;3‚
1029 768 1066 813 9,
1081 773 1130 806 54
1150 769 1200 806 de
1211 770 1349 807 eadem
1368 782 1437 808 re:

224 820 396 860 Brachia
425 822 605 874 spectavi
634 823 761 860 sacris
790 820 980 859 admorsa
1007 821 1183 860 colubris

221 875 275 913 Et
301 875 460 913 trahere
482 876 691 913 occultum
719 874 895 912 membra
923 875 1083 924 soporis
1111 876 1197 913 iter.

242 968 249 971 ἢ
277 927 338 964 De
380 940 524 978 genere
564 929 706 965 mortis
749 926 987 977 Cleopatrae
1031 927 1082 965 cf.
1127 930 1349 977 interprett.
1387 928 1438 966 ad

176 979 320 1020 Vellei.
350 979 386 1026 2,
415 980 478 1026 87,
509 980 544 1020 2.

650 1095 744 1167 say.
777 1097 826 1159 32.
844 1097 877 1144 5,
890 1146 893 1154 ἰ
905 1097 968 1160 57.

224 1191 292 1229 Sic
320 1195 366 1227 ut
394 1200 517 1228 mater
546 1203 667 1236 amas,
698 1193 756 1228 sic
783 1203 999 1241 numquam
1029 1190 1151 1228 corde
1179 1191 1330 1230 recedit

223 1243 331 1280 Nata
357 1248 430 1280 tuo
459 1242 658 1293 fixamque
686 1244 814 1280 animi·
832 1242 1106 1293 penetralibus
1133 1243 1222 1280 imis

223 1295 355 1335 Nocte
384 1295 529 1346 dieque
555 1301 680 1336 tenes.
735 1295 828 1333 Non
859 1296 918 1333 sic
945 1295 1163 1333 Trachinia
1190 1295 1312 1333 nidos

224 1347 436 1399 Halcyone
464 1361 625 1392 verum,
654 1360 737 1386 non
766 1349 824 1385 sic
851 1346 1077 1387 Philomela
1103 1353 1271 1398 penates

189 1439 192 1447 ,
221 1399 372 1439 Circuit
400 1399 646 1451 amplectens
675 1400 924 1452 animamque
944 1397 992 1438 ‘in
1027 1402 1199 1461 pignora
1236 1400 1437 1439 transfert.

279 1452 452 1499 ‚‚Verni'⁴'‘
488 1451 721 1505 Halcyones
755 1453 841 1491 nidi
868 1451 960 1504 jure
996 1453 1180 1500 omnibus
1226 1454 1437 1492 offensioni

169 1504 562 1557 fuerunt,'quoniam
592 1510 765 1551 constat,
793 1505 869 1543 has
898 1518 993 1550 aves
1021 1518 1105 1543 non
1126 1518 1218 1544 vere
1233 1505 1439 1545 nidificare

172 1559 243 1599 sed
269 1558 416 1605 hieme,
446 1558 496 1597 de
525 1559 604 1611 qua¹
631 1572 673 1597 re
701 1558 782 1597 vid.
811 1558 962 1611 Hygin.
991 1558 1072 1598 fab.
1102 1558 1229 1598 LXV.
1259 1558 1300 1597 et'
1326 1559 1437 1600 Serv.

170 1613 222 1651 ad
250 1612 362 1664 Virg.
394 1611 538 1663 Georg.
572 1617 603 1658 1,
632 1612 708 1649 399
741 1634 784 1641 —
818 1611 892 1649 Ov.
920 1612 1016 1650 Met.
1048 1612 1083 1657 9,
1114 1611 1203 1655 745.

223 1665 379 1719 Perque
408 1665 494 1704 dies
521 1664 710 1716 placidos
738 1664 908 1702 hiberno
933 1668 1112 1715 tempore
1141 1669 1294 1716 septem

223 1717 394 1763 Incubat
421 1718 634 1769 Halcyone
668 1715 940 1768 pendentibus
966 1718 1142 1768 aequore
1168 1717 1293 1758 nidis.
1322 1741 1372 1747 -—

272 1770 415 1822 Neque
442 1767 689 1811 veroaliam
711 1768 890 1820 fabulam
918 1768 1097 1808 secutum
1137 1783 1227 1808 esse
1263 1770 1435 1809 Statium

168 1839 216 1866 eo
276 1837 371 1862 osce
398 1837 448 1861 ex
476 1824 503 1862 l.
533 1822 661 1862 Theb.
692 1823 728 1869 9,
757 1822 853 1860 360:
1376 1848 1380 1850 -

206 1875 208 1879 ’
254 1877 496 1928 luctivagam
526 1879 586 1914 sic
624 1888 745 1927 saepe
772 1875 935 1914 domum
970 1875 1237 1927 madidosque
1264 1879 1434 1927 penates

219 1929 430 1982 Halcyone
459 1929 616 1967 deserta
643 1930 786 1980 gemits
801 1942 891 1967 cum
919 1930 1092 1980 pignora
1119 1941 1264 1967 saevus

219 1983 367 2022 Auster
394 1987 433 2020 et
460 1982 639 2034 algentes
667 1982 804 2033 rapuit
831 1981 973 2019 Thetis
1001 1981 1139 2019 invida
1165 1981 1285 2020 nidos

168 2048 255 2072 eum
285 2034 415 2077 schol.
442 2035 608 2086 interpr.
666 2034 770 2072 Vide
798 2034 916 2072 etiam
944 2033 1085 2072 Markl.
1117 2034 1169 2072 ad
1196 2034 1235 2072 h.
1265 2035 1292 2073 l.

270 2087 534 2127 Marklandus
564 2087 705 2127 scribit
733 2099 878 2132 „veros
892 2086 1036 2125 nidos“
1058 2089 1083 2127 i.
1100 2099 1132 2127 e.
1162 2100 1282 2125 veros
1299 2087 1436 2138 pullos

173 2143 316 2191 „quasi
345 2141 526 2187 dixisset,
562 2139 777 2192 Halcyone
804 2134 887 2179 non
914 2140 1041 2191 magis
1075 2140 1190 2179 fovet
1218 2153 1316 2178 suos
1345 2153 1436 2191 pro-

168 2194 281 2244 prios
311 2198 350 2232 et
376 2207 496 2232 veros
523 2193 673 2244 pullos,
714 2206 832 2244 quam
869 2198 913 2231 tu
943 2192 1121 2231 defuncti
1148 2195 1277 2231 mariti
1306 2192 1435 2237 filiam,

167 2257 271 2295 quae
308 2246 468 2297 quidem
502 2246 697 2298 sanguine
732 2259 813 2283 non
857 2257 948 2283 vere
990 2250 1061 2282 tua
1096 2250 1175 2293 est,
1225 2246 1437 2283 inductitia

167 2297 400 2346 scilicet‚=et
428 2299 477 2337 ab
512 2298 641 2337 aliena
677 2300 793 2350 quasi
816 2310 969 2350 'manuz
998 2303 1043 2337 tu
1070 2304 1200 2337 tamen
1258 2310 1338 2349 qua
1393 2311 1435 2335 es

169 2352 318 2402 pietate
349 2352 442 2392 eam·
463 2351 574 2391 velut
603 2363 732 2391 veram
762 2356 885 2392 tuam·
902 2351 1084 2390 sobolem
1113 2361 1257 2389 amore·
1274 2356 1315 2390 et
1342 2364 1437 2390 cura

168 2405 464 2455 prosequeris“.
494 2424 497 2427 >
1133 2405 1136 2406 ⁷
1420 2403 1422 2405 ’
