1678 2717
922 115 972 152 20

366 231 463 269 silv.
501 234 529 275 1,
564 234 595 274 1,
628 233 689 269 82.
719 233 919 268 tentasses
951 243 1013 268 me
1040 243 1123 268 non
1151 230 1324 269 audente
1353 230 1559 281 profundo

364 284 427 322 Ire
455 283 549 321 lacu
576 281 649 320 sed
677 282 806 320 Roma
834 287 928 321 tuas
958 286 1156 322 tenuisset
1183 284 1362 322 habenas
1379 285 1417 330 ⁹).

371 341 401 381 1,
433 339 468 379 5,
499 339 560 373 53.
590 334 717 373 Extra
746 339 878 373 autem
916 339 1035 375 niveo
1080 336 1149 387 qui
1184 337 1361 388 margine
1402 335 1586 373 eoerulus

1077 401 1204 428 amnis

351 441 480 486 ‚Vivit
509 445 549 478 et
578 442 617 479 in
646 455 843 479 summum
871 442 1002 480 fundo
1031 447 1144 492 patet
1172 444 1300 479 omnis
1330 444 1380 481 ab
1409 443 1487 480 imo

367 494 438 532 Cui
497 507 580 532 non
634 497 691 532 ire
746 495 839 533 lacu
883 495 1104 547 pigrosque
1157 495 1367 534 exsolvere
1421 495 1588 533 amictus

1077 548 1255 587 suadeat

371 601 488 639 Adde
515 600 604 639 silv.
659 607 724 648 1,1
763 606 915 648 28,cum
943 602 1101 642 adnott.
1119 601 1267 640 Handii
1284 606 1324 639 et
1341 602 1581 640 Marklandi.
1630 614 1632 616 “

368 653 497 693 Theb.
530 657 563 700 5,
594 658 681 700 618,
710 656 891 705 (parvus)
921 657 985 693 eui
1014 668 1122 693 nune
1149 658 1260 694 venit
1286 654 1424 692 irritus
1455 656 1514 692 ori

419 707 554 744 Laetis
584 712 623 744 et
650 707 791 745 infelix
819 709 858 746 in
888 709 1057 746 vulnera
1084 709 1252 760 liquitur
1278 708 1405 746 imber
1431 707 1501 746 ubi
1531 707 1586 744 al-

313 765 373 797 ter
402 760 563 798 dativus
591 761 705 806 ,‚eui“
736 766 796 798 est
833 761 916 800 dat.
954 762 1167 806 commodi,
1211 762 1311 799 alter
1351 761 1460 806 ‚‚ori“
1504 760 1586 798 dat.

314 813 432 851 locali
461 814 500 850 vi
529 812 696 851 indutus
726 814 943 859 „walchem
973 828 1023 852 zu
1052 814 1200 853 munde
1214 815 1407 854 kommt“.
1439 813 1584 865 Singu-

312 866 409 904 laris
449 879 550 903 usus
579 871 694 906 sunt:
733 867 918 918 Propert.
952 873 984 912 1,
1019 873 1078 912 15,
1110 873 1132 908 8
1160 869 1217 906 ire
1243 868 1344 906 viro.
1379 873 1410 913 1,
1441 870 1501 912 20,
1539 871 1586 904 32

311 918 444 971 Hylas
475 918 560 956 ibat
587 919 899 972 Hamadryasin.
956 920 1026 960 Sil.
1055 921 1102 958 It.
1135 926 1194 967 15,
1224 925 1297 959 327
1327 920 1384 957 ire
1411 920 1552 957 sorori.

417 971 494 1010 Est
524 972 728 1023 quoddam
766 986 893 1025 genus
931 974 1155 1021 verborum,
1198 986 1302 1026 quae
1339 986 1428 1011 cum
1466 972 1586 1023 perti-

312 1030 437 1063 neant
465 1025 517 1063 ad
544 1027 624 1062 vim
656 1027 766 1064 verbi
796 1032 930 1073 „esse“
961 1027 1142 1065 dativum
1171 1032 1391 1071 assumunt,
1420 1040 1503 1064 non
1529 1026 1587 1063 10-

313 1077 436 1116 calem
465 1078 589 1124 illum,
635 1085 682 1117 ut
718 1080 959 1130 quibusdam
987 1082 1118 1118 visum
1162 1081 1291 1128 estw)
1326 1080 1398 1117 sed
1434 1079 1502 1130 qui
1536 1080 1586 1116 ab
1635 1101 1643 1104 -

313 1131 503 1169 universa
540 1144 614 1169 aua
648 1133 699 1179 vi,
737 1146 844 1184 quae
880 1137 942 1171 est
977 1132 1227 1185 significandi
1263 1133 1365 1178 finis,
1410 1145 1493 1171 non
1536 1133 1589 1169 sit

315 1184 470 1222 alienus
540 1184 669 1224 Theb.
702 1191 736 1230 5,
776 1191 824 1225 98
863 1186 1009 1224 Infelix
1048 1187 1262 1225 comitatus
1300 1186 1410 1224 eunti
1438 1186 1587 1223 Haere-

313 1237 410 1275 bant
445 1237 531 1275 nati
572 1238 621 1277 cf.
660 1244 695 1285 9,
737 1243 824 1278 808.
866 1241 926 1284 11,
966 1243 1055 1279 357.
1089 1245 1122 1285 1,
1155 1243 1243 1279 345.
1273 1238 1358 1276 silv.
1408 1243 1442 1285 2,
1477 1244 1508 1285 1,
1539 1242 1581 1276 91

312 1386 394 1418 idem
426 1386 469 1418 sit
503 1391 600 1428 atque
623 1387 676 1424 „in
700 1387 772 1429 ipsa
803 1392 909 1420 castra
931 1388 1065 1431 ingredi,
1101 1388 1133 1418 in
1157 1387 1280 1418 coelum
1306 1386 1579 1418 ascendere“sed

310 1429 389 1460 haec
413 1428 572 1460 subtiliori
595 1428 741 1470 indigent
763 1429 974 1462 distinetione.
1020 1430 1155 1461 Dativus
1178 1430 1261 1461 enim
1284 1439 1456 1471 numquam
1471 1439 1510 1460 eo
1524 1438 1588 1470 quo

292 1470 375 1502 dixi
398 1471 494 1502 modo
520 1470 661 1502 adhiberi
684 1475 793 1512 potest
816 1473 877 1503 nisi
899 1473 939 1504 de
962 1472 1137 1504 directione
1160 1472 1199 1503 ad
1212 1471 1348 1513 aliquem
1363 1472 1468 1502 locum
1481 1481 1586 1502 sermo

311 1513 362 1551 sit,
385 1513 434 1544 vel
459 1513 499 1545 de
523 1523 574 1551 eo,
598 1513 685 1555 quod
708 1523 822 1545 versus
845 1515 981 1556 aliquem
1004 1515 1109 1546 locum
1134 1515 1230 1546 modo
1252 1514 1407 1556 dirig‘tur,
1437 1513 1524 1555 quod
1549 1514 1588 1545 ad

311 1556 476 1598 regionem
502 1556 640 1598 aliquam
662 1555 794 1589 tendit“.

396 1598 489 1630 Hanc
512 1599 728 1630 definitionem
752 1599 867 1632 falsam
891 1610 965 1632 esse
988 1604 1020 1632 et
1041 1600 1180 1632 dativum
1214 1599 1307 1631 etiam
1338 1609 1426 1631 mera
1455 1599 1587 1631 notione

313 1642 590 1684 praepositionum
636 1641 677 1680 in,
707 1641 758 1680 ad,
788 1653 857 1673 eum
887 1643 1069 1674 accusativo
1099 1642 1278 1683 junctarum
1311 1641 1463 1679 adhiberi,
1501 1641 1588 1672 multi

311 1688 449 1725 possunt
472 1688 662 1726 argumento
687 1694 760 1715 esse
784 1694 823 1716 ex
848 1685 927 1716 loeis
950 1685 998 1724 iis,
1022 1695 1105 1727 quos
1119 1695 1217 1727 supra
1235 1684 1401 1726 proposui.
1446 1683 1588 1716 Proinde

311 1730 398 1758 errat
420 1726 468 1757 vir
490 1726 705 1764 doctissimus,
746 1737 816 1758 cum
839 1727 907 1766 „ire
929 1727 1028 1769 polo“
1061 1728 1093 1758 in
1115 1727 1176 1758 hoc
1214 1737 1334 1769 genere
1368 1726 1588 1767 exemplorum

310 1768 387 1808 poni
408 1778 475 1799 non
496 1778 598 1809 posse
630 1768 790 1799 existimet
811 1770 869 1799 sed
898 1779 957 1810 pro
981 1769 1120 1800 ablativo
1150 1769 1244 1799 locali
1273 1769 1393 1798 omissa
1421 1769 1588 1809 praeposi-

309 1809 398 1840 tione
422 1809 462 1840 in
484 1809 604 1841 habere
627 1808 772 1841 videatur
794 1810 856 1843 vid.
880 1810 984 1842 Hand.
1008 1811 1049 1842 ad
1071 1811 1138 1843 silv.
1163 1821 1195 1852 p.
1217 1809 1291 1842 306.

398 1851 425 1891 ⁹)
449 1851 619 1883 Fluctuant
643 1852 800 1883 editiones
823 1853 855 1883 in
877 1852 938 1884 hoe
962 1863 1066 1885 versu.
1113 1851 1276 1889 Quaedam
1307 1851 1458 1883 exhibent
1489 1863 1588 1895 „pro-

310 1893 432 1926 fundos
454 1894 501 1926 ire
530 1894 640 1926 lacus“
665 1904 758 1936 quam
787 1895 981 1937 scripturam
1010 1895 1103 1926 unius
1133 1894 1251 1926 codicis
1273 1894 1446 1927 Vratislav.
1478 1899 1588 1927 aucto-

308 1937 404 1970 ritate
426 1937 570 1968 retutare
592 1937 666 1968 licet
689 1937 872 1978 „profundo
897 1938 943 1969 ire
965 1938 1056 1969 lacus
1085 1939 1137 1969 et“
1170 1937 1257 1969 unde
1289 1937 1493 1979 perspicuum
1528 1943 1588 1976 est,

312 1983 528 2020 corrupte'am
551 1984 654 2010 ortam
678 1989 752 2011 esse
776 1989 814 2010 ex
843 1980 977 2011 vocibus
1007 1980 1099 2019 „lacu
1130 1979 1217 2013 sed“.
1262 1979 1336 2012 vid.
1367 1979 1460 2010 etiam
1483 1979 1587 2012 Hand.

310 2020 352 2054 ad
375 2020 403 2051 h.
428 2021 449 2052 1.
473 2026 505 2052 ct
527 2021 567 2053 ad
593 2023 620 2059 l,
647 2023 674 2060 l,
699 2022 740 2053 67
762 2021 942 2055 Markland.
965 2033 996 2065 p.
1022 2022 1096 2061 163,
1126 2031 1317 2064 quamquam
1349 2021 1437 2063 quod
1465 2021 1493 2053 is
1515 2021 1590 2054 dicit

309 2063 414 2105 magis
436 2062 615 2095 statianum
638 2074 712 2096 esse
736 2064 920 2107 „profundo
945 2065 1038 2097 lacu“
1062 2075 1156 2107 quam
1180 2063 1383 2106 „profundos
1399 2063 1510 2096 laeus“
1535 2075 1573 2096 ve

308 2115 388 2142 reor
410 2116 452 2136 ne
476 2112 598 2137 temere
622 2107 739 2138 dictum
763 2108 812 2139 sit.
858 2107 931 2141 Vid.
960 2117 1043 2150 quae
1065 2108 1106 2139 de
1127 2107 1214 2138 nudo
1237 2106 1417 2138 accusativo
1441 2117 1461 2138 a
1481 2107 1589 2138 verbis

309 2152 433 2185 motum
457 2148 711 2191 significantibus
733 2153 809 2191 apto
833 2150 1064 2192 disputavimus
1086 2149 1119 2180 in
1141 2149 1229 2180 initio
1253 2159 1376 2182 excurs.
1420 2148 1495 2181 Una
1517 2149 1588 2181 cod.

308 2193 402 2226 vrat.
426 2191 611 2229 auctoritas,
642 2196 678 2223 ut
699 2191 774 2230 dixi,
804 2192 836 2223 in
858 2192 917 2224 hac
938 2202 974 2224 re
1002 2191 1233 2225 dubitationem
1260 2191 1352 2224 tollit.
1397 2190 1458 2223 Est
1479 2195 1590 2223 ‘autem

309 2248 326 2269 ρ,
340 2235 354 2262 t
375 2231 407 2262 in
429 2233 490 2264 hoc
512 2233 585 2265 loco
609 2239 641 2266 et
662 2235 694 2266 in
717 2234 819 2266 altero
842 2235 913 2267 vilv.
940 2235 968 2272 l,
991 2234 1021 2272 5,
1044 2234 1085 2266 53
1108 2232 1221 2273 „lacu”
1249 2234 1383 2265 dativus.
1428 2233 1511 2266 Nam
1534 2235 1591 2266 ab·

325 2271 414 2305 lativi
437 2274 484 2306 vis
507 2275 628 2314 localis,
657 2287 740 2319 quae
761 2277 792 2308 in
815 2277 923 2319 quieto
946 2281 1031 2309 statu
1060 2276 1266 2320 significando
1295 2276 1402 2318 posita
1429 2281 1489 2316 est,
1523 2287 1590 2309 non

311 2317 465 2349 convenit
488 2318 634 2350 locorum
663 2324 808 2358 naturae,
841 2330 882 2351 ne
907 2330 947 2351 ue
977 2330 1015 2352 ea
1043 2319 1139 2351 dativi
1168 2319 1257 2351 notio
1293 2329 1386 2361 quam
1420 2319 1591 2362 proposuit

308 2358 454 2391 Handius
482 2361 522 2393 ad
546 2360 680 2392 Gronov
714 2361 816 2395 Diatr.
842 2373 872 2403 p.
918 2363 946 2395 6.
970 2362 1055 2395 Vide
1079 2372 1160 2403 quae
1183 2361 1588 2394 dixiinnotaantecedenti.

399 2414 440 2455 ¹⁰)
463 2414 502 2446 cs.
528 2414 647 2455 Reisig.
673 2424 803 2456 gramm.
828 2415 847 2456 §
870 2414 940 2447 379.
