1678 2717
769 136 812 173 ll

261 253 335 293 Cui
348 256 464 304 pater
479 262 694 290 occurrens
706 252 776 298 nil,
806 252 870 299 ait,
899 252 1141 291 credendum
1156 254 1249 299 vati,
1272 254 1425 304 quippe

157 307 226 357 qui
254 311 294 344 et
319 304 512 354 indignus
541 303 593 340 sit
620 307 733 342 tanto
762 315 923 343 munere
952 305 1137 351 deorum,
1165 310 1211 343 ut
1239 307 1424 344 volunta·

154 363 232 396 tem
260 369 397 395 eorum
426 355 654 406 perspiciat,
683 361 723 395 et
749 357 923 396 fortasse
950 359 999 396 ab
1020 358 1187 397 Eteocle
1213 373 1306 411 rege
1335 373 1422 398 cor-

154 415 298 461 ruptus
325 409 382 446 ita
409 408 493 446 fieri
514 407 701 459 jusserit:

206 483 318 521 Illius
341 474 446 520 ¹haec
474 481 613 526 forsan
639 495 781 529 remur,
812 497 915 535 quae
944 485 1067 523 verba
1098 485 1264 523 deorum

207 535 280 573 Ille
308 540 454 574 monet.

258 609 386 648 Nemo
414 611 675 660 interpretum
708 610 750 649 in
785 611 848 649 his
877 610 1094 650 offendisse
1121 611 1281 650 videtur
1310 624 1422 664 prae-

154 668 214 702 ter
226 662 449 708 Barthium,
480 665 549 714 qui
577 662 675 702 dicit
702 664 857 711 „Valde
882 665 1069 716 plebeius
1097 665 1164 703 hic
1192 678 1322 703 sermo
1351 671 1424 711 est,

154 721 200 754 ut
227 717 408 767 suspicer
434 717 634 754 intrusum
662 730 752 765 esse
780 717 941 755 aliunde
968 730 1141 765 versum,
1171 730 1252 769 quo
1275 720 1425 769 optime

154 769 351 809 sententia
378 774 521 808 careat.
579 768 688 818 Quid
716 772 820 809 enim
847 772 982 822 aptius
1009 770 1086 808 hac
1114 771 1353 822 scriptionez

485 849 634 895 tuaque
662 849 755 882 ante
783 845 907 883 duces
935 845 1144 882 notissima
1172 844 1311 883 virtus.

207 896 279 934 Ille
305 901 460 934 monet:
489 909 540 934 ne
566 897 681 935 frena
708 900 841 936 animo
870 902 947 935 etc.

258 970 541 1008 Hallucinatur
567 970 775 1016 Barthius,
814 977 860 1008 ut
888 971 1012 1015 solet,
1054 971 1235 1021 quamvis
1263 974 1373 1007 recto
1403 983 1426 1006 a

147 1022 304 1074 judicio
332 1022 552 1074 profectus.
602 1022 651 1061 Id
677 1023 779 1061 enim
807 1036 956 1069 verum,
985 1023 1174 1076 languere
1204 1023 1422 1061 orationem

154 1081 194 1114 et
220 1076 262 1114 in
288 1076 351 1114 his
380 1075 526 1121 „Illius
553 1076 654 1114 haec
682 1076 821 1115 forsan
849 1083 1018 1121 remur“,
1056 1083 1095 1115 et
1123 1083 1292 1128 propter
1327 1089 1420 1127 pro-

153 1129 445 1175 nomen.„ille“
474 1131 515 1167 in
544 1129 682 1177 eadem
710 1132 910 1168 sententia
938 1130 1098 1168 diversa
1119 1135 1346 1168 structurae
1360 1141 1423 1166 ra-

154 1182 267 1220 tione
292 1182 355 1220 bis
385 1182 574 1233 positum.
619 1182 779 1229 „lllius“
809 1183 911 1221 enim
940 1185 1112 1234 pertinet
1140 1182 1192 1220 ad
1206 1182 1424 1229 Eteoclem,

153 1234 262 1283 ,‚ille“
290 1234 344 1273 ad
371 1234 576 1276 Tiresiam.
645 1236 726 1275 Sed
767 1236 866 1275 nihil
902 1236 1086 1288 frigidius
1124 1236 1356 1287 praesertim
1383 1236 1424 1274 in

155 1293 236 1326 tam
251 1289 360 1339 gravi
384 1301 437 1334 re,
467 1302 587 1339 quam
613 1301 743 1340 regem
774 1289 916 1333 dicere,
945 1302 989 1326 se
1016 1289 1190 1326 forsan
1217 1289 1323 1339 regis
1352 1288 1423 1325 do-

154 1341 236 1378 lum
265 1353 375 1379 esse
404 1340 660 1381 arbitrari.
715 1341 815 1380 Nam
847 1341 956 1394 quod
985 1354 1093 1380 esse
1121 1354 1300 1387 remur,
1330 1354 1424 1388 non,

155 1394 332 1432 forsan
376 1408 510 1441 esse,
555 1408 696 1434 remur.
765 1395 964 1444 Quocirca
998 1396 1078 1447 leni
1105 1396 1328 1434 mutatione
1356 1395 1426 1433 ad-

155 1447 288 1492 missa,
319 1452 358 1485 et
384 1448 601 1492 verborum
628 1453 668 1486 et
695 1450 916 1487 sententiae
942 1449 1135 1487 rationem
1162 1449 1423 1492 restituimus,

155 1500 367 1539 scribendo
397 1499 766 1554 distinguendoque
793 1503 870 1540 sic:

207 1575 319 1666 {llius
348 1575 448 1613 haec
476 1575 628 1622 forsan,
656 1589 788 1614 remur
815 1589 918 1626 quae
946 1577 1069 1615 verba
1096 1576 1271 1623 deorum,

237 1632 312 1667 ste
339 1634 485 1667 monet.

262 1703 475 1748 „Fortasse
508 1707 620 1740 vates
658 1703 753 1748 iste,
796 1702 860 1740 cui
902 1707 947 1740 tu
991 1706 1202 1753 tantopere
1240 1702 1422 1747 confidis,

157 1757 327 1795 consilia
361 1758 467 1807 regis
503 1754 664 1801 suadet,
709 1767 810 1807 quae
838 1768 915 1793 nos
945 1755 1109 1793 deorum
1139 1768 1227 1793 esse
1254 1756 1420 1794 arbitra-

156 1815 275 1850 mur“.
332 1809 462 1856 ‚,Iste“
491 1822 714 1860 pronomen
743 1809 946 1861 aptissime
974 1813 1131 1860 spectat
1159 1808 1212 1847 ad
1229 1808 1424 1848 Tiresiam

156 1866 196 1903 in
239 1865 421 1903 oratione
449 1862 633 1901 Creontis
674 1863 917 1913 alloquentis
959 1862 1102 1906 filium,
1146 1865 1216 1913 qui
1245 1863 1425 1900 Tiresiae

157 1917 311 1957 monitu
339 1916 390 1954 ad
419 1919 586 1954 mortem
614 1916 670 1954 ire
697 1920 862 1967 paratus
900 1920 995 1955 erat.
1063 1914 1165 1959 Nam
1200 1929 1423 1968 pronomen

159 1974 288 2017 „iste“
314 1972 501 2020 usurpari
530 1969 690 2007 constat
717 1969 770 2008 ad
784 1982 830 2007 ea
845 1968 1108 2013 ostendenda,
1138 1981 1242 2019 quae
1265 1969 1318 2006 ad
1334 1982 1423 2006 eum

159 2036 323 2075 quaqua
350 2024 508 2060 ratione
535 2023 747 2072 pertinent,
778 2034 951 2073 quocum
980 2022 1193 2073 loquimur.

261 2076 404 2116 Potuit
431 2079 563 2113 autem
589 2074 669 2114 hoc
696 2074 788 2114 loco
818 2075 1094 2114 aberrantibus
1123 2075 1253 2114 oculis
1273 2075 1424 2114 librarii

160 2133 285 2176 „iste“
314 2128 503 2168 facillime
535 2130 679 2167 mutari
714 2130 756 2167 in
783 2129 892 2176 ,‚ille“
920 2129 1071 2181 quippe
1099 2128 1214 2180 quod
1240 2129 1282 2167 in
1310 2122 1424 2168 initio

159 2182 430 2223 antecedentis
457 2195 600 2221 versus
627 2182 794 2235 legatur.
837 2182 1103 2221 Confirmatur
1130 2187 1336 2234 praeterea
1362 2185 1424 2221 iu-

158 2236 387 2289 terpunctio
405 2236 627 2282 verborum,
657 2249 777 2288 quam
804 2249 878 2289 ego
908 2235 995 2281 feci,
1026 2234 1270 2275 scholiastae
1286 2241 1423 2275 aucto-

159 2292 276 2329 ritate
303 2291 359 2328 ita
386 2289 518 2327 locum
547 2289 845 2341 interpretantis
881 2288 1011 2334 „forte
1039 2291 1145 2341 regis
1172 2289 1273 2328 haec
1301 2289 1435 2328 verba·

159 2347 265 2389 sunt,
297 2355 399 2394 quae
427 2355 503 2381 nos
529 2355 728 2394 responsa
755 2341 953 2381 credimus
981 2344 1225 2382 numinum.“
