1678 2717
781 141 805 180 9

210 256 420 309 Aequatos
449 253 561 292 coelo
591 255 798 295 surdum
826 263 974 309 atque
1002 256 1225 309 ignobile
1252 271 1390 297 muros

211 308 360 348 Firmat
387 319 526 357 opus.

211 362 249 407 8,
278 360 375 399 346:
431 359 579 411 Stupet
605 360 822 400 insolito
849 363 1094 414 clangore
1123 362 1341 402 Cithaeron

210 412 416 451 Marcidus
445 416 484 450 et
511 417 641 452 turres
670 427 866 453 carmen
893 428 995 453 non
1022 415 1126 453 tale
1153 422 1328 456 secutae.

165 552 171 554 Π
194 523 196 526 >
262 505 347 544 Nec
374 520 470 546 vero
499 520 523 545 a
547 512 693 550 natura
718 508 799 547 loci
826 507 1024 547 absonum
1058 514 1142 555 est,
1211 509 1295 548 uod
1329 522 1428 547 saxa

158 571 260 597 sono
295 558 407 611 lyrae
444 564 598 600 arctata
633 561 657 615 i
691 574 724 602 e.
761 561 862 600 muri
898 560 1066 613 singulis
1092 561 1177 613 lapi
1206 562 1298 601 ibus
1322 560 1429 601 inter

157 624 201 648 se
236 613 520 654 convenienter
554 614 721 664 aptatis,
755 613 902 666 insigni
937 613 1121 652 firmitate
1152 619 1359 665 praestare
1387 621 1427 653 et

159 664 371 702 conatibus
400 666 719 717 oppugnantium
749 667 936 704 resistere
963 666 1163 705 videntur.
1205 667 1258 705 At
1286 672 1427 706 contra

156 715 369 768 Capaneus
396 718 520 769 impia
535 723 666 756 mente

210 779 422 830 „Increpat
450 781 668 820 attonitos:
722 779 956 817 Humilesne
982 780 1224 831 Amphionis
1254 794 1367 819 arces

207 831 288 870 Pro
316 832 468 883 pudor!
497 833 542 871 hi
567 832 710 870 faciles
739 844 979 883 carmenque
1005 832 1162 872 imbelle
1191 835 1319 872 secuti

206 883 260 922 Et
285 887 454 924 mentita
480 885 551 924 diu
565 885 797 923 Thebarum
820 885 970 931 fabula,
997 888 1135 925 muri.“
1162 887 1241 924 vid.
1259 886 1320 933 10,
1335 886 1428 925 873.

155 936 193 982 7,
221 936 298 975 455
328 937 379 976 de
405 942 557 976 terrore
583 937 894 976 Thebanorum:
927 973 929 975 .

205 988 449 1030 Discurrunt
474 990 610 1036 muris,
637 989 696 1028 nil
723 994 882 1042 septum
909 989 1078 1028 horrore
1105 990 1181 1028 sub
1210 989 1297 1036 illo,

206 1041 274 1080 Nil
299 1042 424 1084 fidum
452 1045 552 1081 satis
578 1042 860 1096 invalidaeque
882 1042 1125 1094 Amphionis
1153 1055 1276 1085 arces.

153 1094 191 1140 7,
222 1095 296 1134 665
324 1095 515 1136 Eunaeus
540 1095 692 1135 Bacchi
727 1096 919 1135 sacerdos
951 1108 1028 1186 pez}
1060 1098 1220 1148 agmina
1257 1108 1423 1135 cursans

913 1148 1003 1187 voc‘
1024 1154 1176 1187 eraturz

206 1201 366 1241 Parcite
392 1204 433 1241 in
460 1201 561 1241 haec
587 1201 697 1241 ultro
725 1200 885 1253 scopuli
910 1213 1054 1241 venere
1079 1201 1275 1241 volentes.

153 1254 190 1301 2,
216 1254 294 1293 452
323 1254 491 1307 Tydeus
519 1254 675 1306 perfido
700 1256 783 1307 regi
811 1255 1001 1293 minitans

988 1305 1165 1352 Reddas,

203 1359 437 1412 Ingeminat,
465 1360 630 1406 reddes3
657 1373 742 1399 non
771 1362 803 1398 si
834 1363 873 1398 te
900 1359 1053 1397 ferreus
1081 1371 1204 1413 agger

203 1414 364 1450 Ambiat
392 1418 462 1450 aut
488 1413 665 1463 triplices
693 1413 774 1450 alio
803 1412 876 1450 tibi
904 1412 1075 1449 carmine
1102 1424 1240 1449 muros

203 1464 407 1516 Amphion
435 1465 597 1503 auditus
625 1470 730 1516 agat.

203 1518 320 1557 Adde
347 1518 477 1558 Theb.
502 1518 539 1563 8,
570 1517 658 1557 234.
705 1518 739 1564 1,
769 1517 829 1556 10.
875 1517 912 1562 4,
944 1521 1032 1554 611.
1076 1515 1171 1554 silv.
1197 1521 1232 1562 3,
1265 1521 1298 1560 1,
1330 1520 1418 1554 115.

405 1576 441 1615 3,
473 1577 505 1617 1,
537 1575 596 1609 16.
642 1574 676 1615 3,
695 1574 810 1615 2,41.
866 1569 995 1608 Theb.
1023 1572 1082 1613 10,
1103 1572 1190 1607 772.
1240 1572 1299 1612 10,
1330 1571 1416 1606 778.

407 1629 465 1670 11,
496 1627 583 1662 649.
643 1627 676 1670 7,
704 1626 793 1662 279.
850 1621 948 1660 Ach.
982 1626 1016 1666 1,
1049 1625 1108 1659 13.

634 1768 750 1808 Theb.
781 1769 816 1812 9,
845 1767 934 1807 343.

845 1881 958 1919 Nihil
985 1880 1065 1925 ille,
1093 1878 1167 1917 sed
1192 1879 1277 1917 ibat

203 1936 408 1981 Cominus,
437 1937 634 1986 opposuit
661 1934 823 1973 cumulo
853 1946 896 1972 se
924 1933 1087 1972 densior
1115 1933 1242 1969 amnis

204 1988 481 2040 Tardavitque
509 2001 689 2034 manum3
716 1986 864 2026 vulnus
891 1991 1024 2025 tamen
1050 1984 1119 2023 illa
1144 1988 1343 2022 retentum

201 2042 376 2081 Pertulit
403 2047 525 2093 atque
553 2044 707 2080 animae
734 2045 823 2079 tota
849 2042 891 2078 in
918 2038 1142 2091 penetralia
1168 2036 1284 2076 sedit.

256 2136 355 2174 Cum
380 2135 672 2187 Hippomedon
697 2134 891 2186 fugitivos
924 2132 1144 2171 Thebanos
1171 2143 1245 2182 per
1271 2129 1416 2168 flumen

150 2193 313 2228 secutus
352 2187 562 2228 Ismenidis
611 2186 815 2241 nymphae
864 2186 988 2225 filium
1030 2184 1249 2223 Crenaeum
1296 2182 1419 2221 hasta

148 2242 418 2281 transfixurus
441 2247 560 2287 esset,
587 2241 677 2292 ipse
706 2242 833 2278 amnis
860 2238 963 2278 mole
991 2250 1185 2288 aquarum
1214 2249 1257 2275 se
1285 2248 1417 2286 oppo-
1467 2266 1469 2268 .

149 2296 229 2333 suit
257 2297 537 2346 „temnitque
563 2297 756 2332 manum“.

257 2357 369 2406 Quae
397 2360 624 2410 sequuntur
650 2356 796 2395 vitiosa
832 2358 941 2392 sunt.
1008 2352 1167 2391 Etenim
1207 2353 1249 2389 in
1289 2349 1417 2388 altero

150 2411 326 2449 membro
357 2410 582 2460 subjectum
609 2409 728 2460 plane
758 2408 974 2453 omittitur,
1012 2404 1195 2456 quamvis
1224 2406 1420 2453 appareat

1142 2466 1162 2497 2
