<?xml version="1.0" encoding="UTF-8"?>
<!DOCTYPE html PUBLIC "-//W3C//DTD XHTML 1.0 Transitional//EN"
    "http://www.w3.org/TR/xhtml1/DTD/xhtml1-transitional.dtd">
<html xmlns="http://www.w3.org/1999/xhtml" xml:lang="en" lang="en">
 <head>
  <title>
</title>
<meta http-equiv="Content-Type" content="text/html;charset=utf-8" />
  <meta name='ocr-system' content='tesseract 3.04.00' />
  <meta name='ocr-capabilities' content='ocr_page ocr_carea ocr_par ocr_line ocrx_word'/>
</head>
<body>
  <div class='ocr_page' id='page_1' title='image "4737357_0048.png"; bbox 0 0 1678 2717; ppageno 0'>
   <div class='ocr_carea' id='block_1_1' title="bbox 1409 0 1675 44">
    <p class='ocr_par' dir='ltr' id='par_1_1' title="bbox 1409 0 1675 44">
     <span class='ocr_line' id='line_1_1' title="bbox 1409 0 1675 44; baseline 0 -15"><span class='ocrx_word' id='word_1_1' title='bbox 1409 0 1413 2; x_wconf 81' lang='grc'><em>“</em></span> <span class='ocrx_word' id='word_1_2' title='bbox 1430 0 1432 3; x_wconf 80' lang='grc'>’</span> <span class='ocrx_word' id='word_1_3' title='bbox 1469 0 1675 44; x_wconf 46' lang='grc' dir='ltr'><strong>””ξ’ῗ’ἳ*ξι’ῑ,’ζθςέἶ·ἶῖ</strong></span> 
     </span>
    </p>
   </div>
   <div class='ocr_carea' id='block_1_2' title="bbox 301 102 1658 2496">
    <p class='ocr_par' dir='ltr' id='par_1_2' title="bbox 832 102 1058 145">
     <span class='ocr_line' id='line_1_2' title="bbox 832 102 1058 145; baseline 0.005 -1"><span class='ocrx_word' id='word_1_4' title='bbox 832 103 880 144; x_wconf 76' lang='lat' dir='ltr'>V</span> <span class='ocrx_word' id='word_1_5' title='bbox 905 102 980 145; x_wconf 58' lang='grc' dir='ltr'><strong>Ιὲῑ</strong></span> <span class='ocrx_word' id='word_1_6' title='bbox 1005 112 1058 145; x_wconf 77' lang='grc' dir='ltr'><strong>ιι.</strong></span> 
     </span>
    </p>

    <p class='ocr_par' dir='ltr' id='par_1_3' title="bbox 301 154 1658 2176">
     <span class='ocr_line' id='line_1_3' title="bbox 408 154 1581 203; baseline 0.003 -8"><span class='ocrx_word' id='word_1_7' title='bbox 408 159 521 196; x_wconf 84' lang='lat' dir='ltr'><strong>Natus</strong></span> <span class='ocrx_word' id='word_1_8' title='bbox 541 169 616 195; x_wconf 83' lang='lat' dir='ltr'><strong>sum</strong></span> <span class='ocrx_word' id='word_1_9' title='bbox 629 158 802 203; x_wconf 78' lang='lat' dir='ltr'><strong>Josephus</strong></span> <span class='ocrx_word' id='word_1_10' title='bbox 817 156 986 195; x_wconf 77' lang='lat' dir='ltr'><strong>AemiIi&#39;us</strong></span> <span class='ocrx_word' id='word_1_11' title='bbox 1007 159 1132 195; x_wconf 85' lang='lat' dir='ltr'><strong>Nauke</strong></span> <span class='ocrx_word' id='word_1_12' title='bbox 1159 169 1193 196; x_wconf 88' lang='lat' dir='ltr'><strong>a</strong></span> <span class='ocrx_word' id='word_1_13' title='bbox 1212 158 1245 194; x_wconf 87' lang='lat' dir='ltr'><strong>d.</strong></span> <span class='ocrx_word' id='word_1_14' title='bbox 1259 158 1336 195; x_wconf 89' lang='lat' dir='ltr'>VII.</span> <span class='ocrx_word' id='word_1_15' title='bbox 1349 159 1404 197; x_wconf 82' lang='lat' dir='ltr'><strong>Id.</strong></span> <span class='ocrx_word' id='word_1_16' title='bbox 1433 154 1581 198; x_wconf 81' lang='lat' dir='ltr'><strong>Octobr</strong></span> 
     </span>
     <span class='ocr_line' id='line_1_4' title="bbox 303 211 1658 268; baseline 0.004 -22"><span class='ocrx_word' id='word_1_17' title='bbox 303 223 337 249; x_wconf 78' lang='lat' dir='ltr'><strong>a.</strong></span> <span class='ocrx_word' id='word_1_18' title='bbox 363 212 410 249; x_wconf 50' lang='lat' dir='ltr'><strong>hs</strong></span> <span class='ocrx_word' id='word_1_19' title='bbox 425 223 454 249; x_wconf 83' lang='lat' dir='ltr'><strong>s.</strong></span> <span class='ocrx_word' id='word_1_20' title='bbox 467 212 658 252; x_wconf 76' lang='lat' dir='ltr'>XXXVIII</span> <span class='ocrx_word' id='word_1_21' title='bbox 676 211 870 255; x_wconf 53' lang='lat' dir='ltr'><strong>Wansenis</strong></span> <span class='ocrx_word' id='word_1_22' title='bbox 897 213 1062 265; x_wconf 86' lang='lat' dir='ltr'><strong>oppidulo</strong></span> <span class='ocrx_word' id='word_1_23' title='bbox 1083 213 1238 255; x_wconf 70' lang='lat' dir='ltr'><strong>Silesiae,</strong></span> <span class='ocrx_word' id='word_1_24' title='bbox 1265 216 1372 258; x_wconf 69' lang='lat' dir='ltr'><strong>patre</strong></span> <span class='ocrx_word' id='word_1_25' title='bbox 1374 213 1579 268; x_wconf 65' lang='lat' dir='ltr'><strong>qucisco,</strong></span> <span class='ocrx_word' id='word_1_26' title='bbox 1654 240 1658 244; x_wconf 84' lang='lat'><em>-</em></span> 
     </span>
     <span class='ocr_line' id='line_1_5' title="bbox 303 250 1642 319; baseline 0.003 -19"><span class='ocrx_word' id='word_1_27' title='bbox 303 267 413 302; x_wconf 80' lang='lat' dir='ltr'><strong>matre</strong></span> <span class='ocrx_word' id='word_1_28' title='bbox 427 265 557 305; x_wconf 79' lang='lat' dir='ltr'><strong>Maria</strong></span> <span class='ocrx_word' id='word_1_29' title='bbox 569 275 590 301; x_wconf 88' lang='lat' dir='ltr'><strong>e</strong></span> <span class='ocrx_word' id='word_1_30' title='bbox 612 268 716 309; x_wconf 84' lang='lat' dir='ltr'><strong>gente</strong></span> <span class='ocrx_word' id='word_1_31' title='bbox 735 256 941 308; x_wconf 83' lang='lat' dir='ltr'><strong>Kaufmann,</strong></span> <span class='ocrx_word' id='word_1_32' title='bbox 970 276 1055 310; x_wconf 83' lang='lat' dir='ltr'><strong>quos</strong></span> <span class='ocrx_word' id='word_1_33' title='bbox 1080 266 1206 309; x_wconf 81' lang='lat' dir='ltr'><strong>abhinc</strong></span> <span class='ocrx_word' id='word_1_34' title='bbox 1225 277 1343 302; x_wconf 89' lang='lat' dir='ltr'><strong>annos</strong></span> <span class='ocrx_word' id='word_1_35' title='bbox 1354 267 1442 311; x_wconf 69' lang='lat' dir='ltr'><strong>jam</strong></span> <span class='ocrx_word' id='word_1_36' title='bbox 1448 250 1579 319; x_wconf 50' lang='lat' dir='ltr'><strong>{nultos</strong></span> <span class='ocrx_word' id='word_1_37' title='bbox 1637 260 1642 261; x_wconf 41' lang='lat'><em>⁷</em></span> 
     </span>
     <span class='ocr_line' id='line_1_6' title="bbox 301 319 1578 366; baseline 0.002 -12"><span class='ocrx_word' id='word_1_38' title='bbox 301 322 414 355; x_wconf 88' lang='lat' dir='ltr'><strong>morte</strong></span> <span class='ocrx_word' id='word_1_39' title='bbox 442 319 526 355; x_wconf 85' lang='lat' dir='ltr'><strong>mihi</strong></span> <span class='ocrx_word' id='word_1_40' title='bbox 553 322 692 364; x_wconf 89' lang='lat' dir='ltr'><strong>ereptos</strong></span> <span class='ocrx_word' id='word_1_41' title='bbox 720 329 794 354; x_wconf 91' lang='lat' dir='ltr'><strong>esse</strong></span> <span class='ocrx_word' id='word_1_42' title='bbox 831 319 944 354; x_wconf 90' lang='lat' dir='ltr'><strong>doleo.</strong></span> <span class='ocrx_word' id='word_1_43' title='bbox 1008 320 1132 361; x_wconf 80' lang='lat' dir='ltr'><strong>Fidem</strong></span> <span class='ocrx_word' id='word_1_44' title='bbox 1159 320 1327 364; x_wconf 84' lang='lat' dir='ltr'><strong>profiteor</strong></span> <span class='ocrx_word' id='word_1_45' title='bbox 1360 320 1578 366; x_wconf 59' lang='lat' dir='ltr'><strong>catholicam.</strong></span> 
     </span>
     <span class='ocr_line' id='line_1_7' title="bbox 302 369 1580 417; baseline 0.002 -11"><span class='ocrx_word' id='word_1_46' title='bbox 302 372 429 408; x_wconf 85' lang='lat' dir='ltr'>Primis</span> <span class='ocrx_word' id='word_1_47' title='bbox 456 373 594 416; x_wconf 81' lang='lat' dir='ltr'><strong>linguae</strong></span> <span class='ocrx_word' id='word_1_48' title='bbox 621 372 750 408; x_wconf 87' lang='lat' dir='ltr'><strong>latinae</strong></span> <span class='ocrx_word' id='word_1_49' title='bbox 779 373 957 407; x_wconf 86' lang='lat' dir='ltr'><strong>elementis</strong></span> <span class='ocrx_word' id='word_1_50' title='bbox 983 369 1145 416; x_wconf 75' lang='lat' dir='ltr'><strong>privatim</strong></span> <span class='ocrx_word' id='word_1_51' title='bbox 1168 374 1342 411; x_wconf 85' lang='lat' dir='ltr'><strong>institutus</strong></span> <span class='ocrx_word' id='word_1_52' title='bbox 1370 375 1406 408; x_wconf 92' lang='lat' dir='ltr'><strong>in</strong></span> <span class='ocrx_word' id='word_1_53' title='bbox 1433 373 1580 417; x_wconf 84' lang='lat' dir='ltr'><strong>discipu-</strong></span> 
     </span>
     <span class='ocr_line' id='line_1_8' title="bbox 302 425 1580 476; baseline 0.001 -15"><span class='ocrx_word' id='word_1_54' title='bbox 302 425 413 476; x_wconf 82' lang='lat' dir='ltr'><strong>lorum</strong></span> <span class='ocrx_word' id='word_1_55' title='bbox 443 426 558 470; x_wconf 87' lang='lat' dir='ltr'><strong>quarti</strong></span> <span class='ocrx_word' id='word_1_56' title='bbox 584 425 714 461; x_wconf 82' lang='lat' dir='ltr'><strong>ordinis</strong></span> <span class='ocrx_word' id='word_1_57' title='bbox 741 436 919 462; x_wconf 87' lang='lat' dir='ltr'><strong>numerum</strong></span> <span class='ocrx_word' id='word_1_58' title='bbox 945 430 1105 470; x_wconf 80' lang='lat' dir='ltr'><strong>receptus</strong></span> <span class='ocrx_word' id='word_1_59' title='bbox 1133 434 1207 462; x_wconf 86' lang='lat' dir='ltr'><strong>sum</strong></span> <span class='ocrx_word' id='word_1_60' title='bbox 1236 437 1257 461; x_wconf 88' lang='lat' dir='ltr'><strong>a</strong></span> <span class='ocrx_word' id='word_1_61' title='bbox 1283 427 1368 462; x_wconf 85' lang='lat' dir='ltr'><strong>Viro</strong></span> <span class='ocrx_word' id='word_1_62' title='bbox 1405 428 1461 464; x_wconf 89' lang='lat' dir='ltr'><strong>Ill.</strong></span> <span class='ocrx_word' id='word_1_63' title='bbox 1489 426 1580 463; x_wconf 80' lang='lat' dir='ltr'><strong>Wis-</strong></span> 
     </span>
     <span class='ocr_line' id='line_1_9' title="bbox 303 480 1587 528; baseline 0.001 -14"><span class='ocrx_word' id='word_1_64' title='bbox 303 489 406 523; x_wconf 90' lang='lat' dir='ltr'><strong>sowa,</strong></span> <span class='ocrx_word' id='word_1_65' title='bbox 434 490 500 524; x_wconf 91' lang='lat' dir='ltr'><strong>quo</strong></span> <span class='ocrx_word' id='word_1_66' title='bbox 529 480 669 524; x_wconf 85' lang='lat' dir='ltr'><strong>auspice</strong></span> <span class='ocrx_word' id='word_1_67' title='bbox 697 480 809 515; x_wconf 86' lang='lat' dir='ltr'><strong>adhuc</strong></span> <span class='ocrx_word' id='word_1_68' title='bbox 836 480 937 515; x_wconf 83' lang='lat' dir='ltr'><strong>floret</strong></span> <span class='ocrx_word' id='word_1_69' title='bbox 965 481 1178 523; x_wconf 87' lang='lat' dir='ltr'><strong>gymnasium</strong></span> <span class='ocrx_word' id='word_1_70' title='bbox 1213 481 1344 523; x_wconf 87' lang='lat' dir='ltr'><strong>regium</strong></span> <span class='ocrx_word' id='word_1_71' title='bbox 1372 481 1587 528; x_wconf 77' lang='lat' dir='ltr'><strong>catholicum·</strong></span> 
     </span>
     <span class='ocr_line' id='line_1_10' title="bbox 304 533 1576 578; baseline 0.002 -11"><span class='ocrx_word' id='word_1_72' title='bbox 304 533 592 576; x_wconf 80' lang='lat' dir='ltr'><strong>Vratislaviense,</strong></span> <span class='ocrx_word' id='word_1_73' title='bbox 628 533 723 569; x_wconf 85' lang='lat' dir='ltr'><strong>cuius</strong></span> <span class='ocrx_word' id='word_1_74' title='bbox 758 543 835 568; x_wconf 90' lang='lat' dir='ltr'><strong>cum</strong></span> <span class='ocrx_word' id='word_1_75' title='bbox 873 533 1059 578; x_wconf 83' lang='lat' dir='ltr'><strong>discipulus</strong></span> <span class='ocrx_word' id='word_1_76' title='bbox 1095 533 1234 568; x_wconf 83' lang='lat' dir='ltr'><strong>fuissem</strong></span> <span class='ocrx_word' id='word_1_77' title='bbox 1268 543 1332 578; x_wconf 86' lang='lat' dir='ltr'><strong>per</strong></span> <span class='ocrx_word' id='word_1_78' title='bbox 1350 543 1425 570; x_wconf 81' lang='lat' dir='ltr'><strong>-sex</strong></span> <span class='ocrx_word' id='word_1_79' title='bbox 1459 544 1576 578; x_wconf 89' lang='lat' dir='ltr'><strong>annos,</strong></span> 
     </span>
     <span class='ocr_line' id='line_1_11' title="bbox 303 587 1577 632; baseline 0.001 -10"><span class='ocrx_word' id='word_1_80' title='bbox 303 587 502 623; x_wconf 88' lang='lat' dir='ltr'><strong>testimonio</strong></span> <span class='ocrx_word' id='word_1_81' title='bbox 530 587 739 623; x_wconf 80' lang='lat' dir='ltr'><strong>maturitatis</strong></span> <span class='ocrx_word' id='word_1_82' title='bbox 775 592 931 632; x_wconf 89' lang='lat' dir='ltr'><strong>accepto,</strong></span> <span class='ocrx_word' id='word_1_83' title='bbox 965 598 1081 624; x_wconf 86' lang='lat' dir='ltr'><strong>mense</strong></span> <span class='ocrx_word' id='word_1_84' title='bbox 1110 588 1251 625; x_wconf 89' lang='lat' dir='ltr'><strong>Octobr.-</strong></span> <span class='ocrx_word' id='word_1_85' title='bbox 1288 599 1320 624; x_wconf 87' lang='lat' dir='ltr'><strong>a.</strong></span> <span class='ocrx_word' id='word_1_86' title='bbox 1349 588 1384 623; x_wconf 88' lang='lat' dir='ltr'><strong>h.</strong></span> <span class='ocrx_word' id='word_1_87' title='bbox 1410 598 1440 631; x_wconf 84' lang='lat' dir='ltr'><strong>s.</strong></span> <span class='ocrx_word' id='word_1_88' title='bbox 1469 588 1577 623; x_wconf 90' lang='lat' dir='ltr'>LVII.</span> 
     </span>
     <span class='ocr_line' id='line_1_12' title="bbox 303 641 1580 686; baseline 0 -10"><span class='ocrx_word' id='word_1_89' title='bbox 303 641 393 676; x_wconf 90' lang='lat' dir='ltr'><strong>hanc</strong></span> <span class='ocrx_word' id='word_1_90' title='bbox 419 641 558 676; x_wconf 86' lang='lat' dir='ltr'><strong>Almam</strong></span> <span class='ocrx_word' id='word_1_91' title='bbox 578 641 697 676; x_wconf 88' lang='lat' dir='ltr'><strong>Viadr.</strong></span> <span class='ocrx_word' id='word_1_92' title='bbox 726 642 807 685; x_wconf 91' lang='lat' dir='ltr'><strong>adii,</strong></span> <span class='ocrx_word' id='word_1_93' title='bbox 834 642 957 677; x_wconf 81' lang='lat' dir='ltr'><strong>litteris</strong></span> <span class='ocrx_word' id='word_1_94' title='bbox 985 642 1134 686; x_wconf 83' lang='lat' dir='ltr'><strong>antiquis</strong></span> <span class='ocrx_word' id='word_1_95' title='bbox 1162 642 1487 685; x_wconf 69' lang='lat' dir='ltr'><strong>operamdaturuS.</strong></span> <span class='ocrx_word' id='word_1_96' title='bbox 1516 641 1580 677; x_wconf 90' lang='lat' dir='ltr'><strong>Or-</strong></span> 
     </span>
     <span class='ocr_line' id='line_1_13' title="bbox 304 694 1577 740; baseline 0 -10"><span class='ocrx_word' id='word_1_97' title='bbox 304 694 377 730; x_wconf 87' lang='lat' dir='ltr'><strong>dini</strong></span> <span class='ocrx_word' id='word_1_98' title='bbox 410 695 534 731; x_wconf 90' lang='lat' dir='ltr'><strong>civium</strong></span> <span class='ocrx_word' id='word_1_99' title='bbox 569 695 846 731; x_wconf 83' lang='lat' dir='ltr'><strong>academicorum</strong></span> <span class='ocrx_word' id='word_1_100' title='bbox 881 695 1073 740; x_wconf 83' lang='lat' dir='ltr'><strong>adscriptus</strong></span> <span class='ocrx_word' id='word_1_101' title='bbox 1115 706 1136 732; x_wconf 86' lang='lat' dir='ltr'><strong>a</strong></span> <span class='ocrx_word' id='word_1_102' title='bbox 1178 696 1262 731; x_wconf 83' lang='lat' dir='ltr'><strong>Viro</strong></span> <span class='ocrx_word' id='word_1_103' title='bbox 1306 696 1361 732; x_wconf 88' lang='lat'><em>111.</em></span> <span class='ocrx_word' id='word_1_104' title='bbox 1400 695 1577 738; x_wconf 86' lang='lat' dir='ltr'><strong>Elvenich,</strong></span> 
     </span>
     <span class='ocr_line' id='line_1_14' title="bbox 304 746 1576 793; baseline 0.002 -10"><span class='ocrx_word' id='word_1_105' title='bbox 304 749 364 793; x_wconf 92' lang='lat' dir='ltr'><strong>qui</strong></span> <span class='ocrx_word' id='word_1_106' title='bbox 387 752 461 785; x_wconf 88' lang='lat' dir='ltr'><strong>tum</strong></span> <span class='ocrx_word' id='word_1_107' title='bbox 489 748 600 784; x_wconf 83' lang='lat' dir='ltr'><strong>fasces</strong></span> <span class='ocrx_word' id='word_1_108' title='bbox 627 750 769 784; x_wconf 89' lang='lat' dir='ltr'><strong>tenebat</strong></span> <span class='ocrx_word' id='word_1_109' title='bbox 796 750 1021 792; x_wconf 82' lang='lat' dir='ltr'><strong>academicos,</strong></span> <span class='ocrx_word' id='word_1_110' title='bbox 1050 751 1116 784; x_wconf 84' lang='lat' dir='ltr'><strong>rite</strong></span> <span class='ocrx_word' id='word_1_111' title='bbox 1145 761 1269 784; x_wconf 86' lang='lat' dir='ltr'><strong>nomen</strong></span> <span class='ocrx_word' id='word_1_112' title='bbox 1305 750 1385 784; x_wconf 88' lang='lat' dir='ltr'><strong>dedi</strong></span> <span class='ocrx_word' id='word_1_113' title='bbox 1413 746 1505 793; x_wconf 82' lang='lat' dir='ltr'><strong>apud</strong></span> <span class='ocrx_word' id='word_1_114' title='bbox 1528 749 1576 793; x_wconf 57' lang='lat' dir='ltr'><strong>⁸V.</strong></span> 
     </span>
     <span class='ocr_line' id='line_1_15' title="bbox 304 802 1578 847; baseline 0 -10"><span class='ocrx_word' id='word_1_115' title='bbox 304 802 359 838; x_wconf 87' lang='lat'>111.</span> <span class='ocrx_word' id='word_1_116' title='bbox 388 803 529 846; x_wconf 86' lang='lat' dir='ltr'><strong>Loewig</strong></span> <span class='ocrx_word' id='word_1_117' title='bbox 556 803 593 837; x_wconf 92' lang='lat' dir='ltr'><strong>id</strong></span> <span class='ocrx_word' id='word_1_118' title='bbox 620 804 785 846; x_wconf 87' lang='lat' dir='ltr'><strong>temporis</strong></span> <span class='ocrx_word' id='word_1_119' title='bbox 813 803 942 838; x_wconf 86' lang='lat' dir='ltr'><strong>ordinis</strong></span> <span class='ocrx_word' id='word_1_120' title='bbox 979 803 1261 847; x_wconf 81' lang='lat' dir='ltr'><strong>philosophorum</strong></span> <span class='ocrx_word' id='word_1_121' title='bbox 1290 803 1467 837; x_wconf 86' lang='lat' dir='ltr'><strong>decanum.</strong></span> <span class='ocrx_word' id='word_1_122' title='bbox 1522 803 1578 837; x_wconf 81' lang='lat' dir='ltr'><strong>Ex</strong></span> 
     </span>
     <span class='ocr_line' id='line_1_16' title="bbox 305 856 1579 900; baseline -0.001 -9"><span class='ocrx_word' id='word_1_123' title='bbox 305 865 372 900; x_wconf 89' lang='lat' dir='ltr'><strong>quo</strong></span> <span class='ocrx_word' id='word_1_124' title='bbox 399 860 556 900; x_wconf 83' lang='lat' dir='ltr'><strong>tempore</strong></span> <span class='ocrx_word' id='word_1_125' title='bbox 585 856 710 891; x_wconf 91' lang='lat' dir='ltr'><strong>scholis</strong></span> <span class='ocrx_word' id='word_1_126' title='bbox 736 856 877 891; x_wconf 84' lang='lat' dir='ltr'><strong>interfui</strong></span> <span class='ocrx_word' id='word_1_127' title='bbox 904 856 978 891; x_wconf 89' lang='lat' dir='ltr'><strong>VV.</strong></span> <span class='ocrx_word' id='word_1_128' title='bbox 1011 857 1067 893; x_wconf 89' lang='grc'><strong>111.</strong></span> <span class='ocrx_word' id='word_1_129' title='bbox 1091 857 1218 899; x_wconf 82' lang='lat' dir='ltr'><strong>Haase,</strong></span> <span class='ocrx_word' id='word_1_130' title='bbox 1240 857 1448 899; x_wconf 83' lang='lat' dir='ltr'><strong>Junkmann,</strong></span> <span class='ocrx_word' id='word_1_131' title='bbox 1475 856 1579 891; x_wconf 89' lang='lat' dir='ltr'><strong>Ross-</strong></span> 
     </span>
     <span class='ocr_line' id='line_1_17' title="bbox 304 909 1577 954; baseline 0 -10"><span class='ocrx_word' id='word_1_132' title='bbox 304 909 404 953; x_wconf 85' lang='lat' dir='ltr'><strong>bach,</strong></span> <span class='ocrx_word' id='word_1_133' title='bbox 432 909 578 952; x_wconf 83' lang='lat' dir='ltr'><strong>Vahlen,</strong></span> <span class='ocrx_word' id='word_1_134' title='bbox 605 910 783 953; x_wconf 85' lang='lat' dir='ltr'><strong>Elvenich,</strong></span> <span class='ocrx_word' id='word_1_135' title='bbox 812 909 1004 953; x_wconf 86' lang='lat' dir='ltr'><strong>Westpbal,</strong></span> <span class='ocrx_word' id='word_1_136' title='bbox 1033 910 1191 954; x_wconf 89' lang='lat' dir='ltr'><strong>Roepell,</strong></span> <span class='ocrx_word' id='word_1_137' title='bbox 1209 910 1361 953; x_wconf 88' lang='lat' dir='ltr'><strong>Braniss,</strong></span> <span class='ocrx_word' id='word_1_138' title='bbox 1387 909 1577 945; x_wconf 87' lang='lat' dir='ltr'><strong>Luebbert.</strong></span> 
     </span>
     <span class='ocr_line' id='line_1_18' title="bbox 304 962 1579 1007; baseline 0 -10"><span class='ocrx_word' id='word_1_139' title='bbox 304 962 429 998; x_wconf 87' lang='lat' dir='ltr'><strong>Tribus</strong></span> <span class='ocrx_word' id='word_1_140' title='bbox 465 963 562 997; x_wconf 87' lang='lat' dir='ltr'><strong>annis</strong></span> <span class='ocrx_word' id='word_1_141' title='bbox 593 964 743 1007; x_wconf 83' lang='lat' dir='ltr'><strong>peractis</strong></span> <span class='ocrx_word' id='word_1_142' title='bbox 783 964 819 998; x_wconf 92' lang='lat' dir='ltr'><strong>in</strong></span> <span class='ocrx_word' id='word_1_143' title='bbox 867 964 1088 999; x_wconf 83' lang='lat' dir='ltr'><strong>seminarium</strong></span> <span class='ocrx_word' id='word_1_144' title='bbox 1131 963 1375 1007; x_wconf 82' lang='lat' dir='ltr'><strong>philologicum</strong></span> <span class='ocrx_word' id='word_1_145' title='bbox 1417 966 1579 1007; x_wconf 88' lang='lat' dir='ltr'><strong>receptus</strong></span> 
     </span>
     <span class='ocr_line' id='line_1_19' title="bbox 304 1016 1580 1061; baseline 0.001 -10"><span class='ocrx_word' id='word_1_146' title='bbox 304 1026 389 1061; x_wconf 88' lang='lat' dir='ltr'><strong>sum,</strong></span> <span class='ocrx_word' id='word_1_147' title='bbox 416 1017 512 1052; x_wconf 88' lang='lat' dir='ltr'><strong>cuius</strong></span> <span class='ocrx_word' id='word_1_148' title='bbox 539 1017 667 1052; x_wconf 89' lang='lat' dir='ltr'><strong>sodalis</strong></span> <span class='ocrx_word' id='word_1_149' title='bbox 701 1027 827 1061; x_wconf 88' lang='lat' dir='ltr'><strong>magna</strong></span> <span class='ocrx_word' id='word_1_150' title='bbox 862 1028 939 1052; x_wconf 89' lang='lat' dir='ltr'><strong>cum</strong></span> <span class='ocrx_word' id='word_1_151' title='bbox 967 1018 1114 1053; x_wconf 85' lang='lat' dir='ltr'><strong>utilitate</strong></span> <span class='ocrx_word' id='word_1_152' title='bbox 1151 1028 1229 1053; x_wconf 86' lang='lat' dir='ltr'><strong>mea</strong></span> <span class='ocrx_word' id='word_1_153' title='bbox 1265 1016 1315 1052; x_wconf 88' lang='lat' dir='ltr'><strong>fui</strong></span> <span class='ocrx_word' id='word_1_154' title='bbox 1341 1027 1406 1061; x_wconf 91' lang='lat' dir='ltr'><strong>per</strong></span> <span class='ocrx_word' id='word_1_155' title='bbox 1432 1019 1580 1061; x_wconf 85' lang='lat' dir='ltr'><strong>quatuor</strong></span> 
     </span>
     <span class='ocr_line' id='line_1_20' title="bbox 304 1070 1580 1107; baseline 0.001 -2"><span class='ocrx_word' id='word_1_156' title='bbox 304 1071 496 1107; x_wconf 82' lang='lat' dir='ltr'><strong>semestria.</strong></span> <span class='ocrx_word' id='word_1_157' title='bbox 542 1071 642 1106; x_wconf 89' lang='lat' dir='ltr'><strong>Nunc</strong></span> <span class='ocrx_word' id='word_1_158' title='bbox 658 1070 816 1106; x_wconf 87' lang='lat' dir='ltr'><strong>confecto</strong></span> <span class='ocrx_word' id='word_1_159' title='bbox 842 1081 943 1106; x_wconf 90' lang='lat' dir='ltr'><strong>cursu</strong></span> <span class='ocrx_word' id='word_1_160' title='bbox 970 1071 1160 1107; x_wconf 89' lang='lat' dir='ltr'><strong>studiorum</strong></span> <span class='ocrx_word' id='word_1_161' title='bbox 1185 1081 1340 1106; x_wconf 87' lang='lat' dir='ltr'><strong>meorum</strong></span> <span class='ocrx_word' id='word_1_162' title='bbox 1366 1071 1580 1106; x_wconf 88' lang='lat' dir='ltr'><strong>academico-</strong></span> 
     </span>
     <span class='ocr_line' id='line_1_21' title="bbox 304 1124 1580 1170; baseline 0 -11"><span class='ocrx_word' id='word_1_163' title='bbox 304 1135 380 1159; x_wconf 85' lang='lat' dir='ltr'><strong>rum</strong></span> <span class='ocrx_word' id='word_1_164' title='bbox 407 1124 467 1168; x_wconf 90' lang='lat' dir='ltr'><strong>pia</strong></span> <span class='ocrx_word' id='word_1_165' title='bbox 493 1128 607 1160; x_wconf 88' lang='lat' dir='ltr'><strong>mente</strong></span> <span class='ocrx_word' id='word_1_166' title='bbox 641 1125 811 1160; x_wconf 85' lang='lat' dir='ltr'><strong>recolenti</strong></span> <span class='ocrx_word' id='word_1_167' title='bbox 845 1125 929 1159; x_wconf 89' lang='lat' dir='ltr'><strong>mihi</strong></span> <span class='ocrx_word' id='word_1_168' title='bbox 965 1125 1166 1160; x_wconf 83' lang='lat' dir='ltr'><strong>memoriam</strong></span> <span class='ocrx_word' id='word_1_169' title='bbox 1198 1126 1350 1160; x_wconf 87' lang='lat' dir='ltr'><strong>virorum</strong></span> <span class='ocrx_word' id='word_1_170' title='bbox 1378 1125 1420 1159; x_wconf 90' lang='lat' dir='ltr'><strong>de</strong></span> <span class='ocrx_word' id='word_1_171' title='bbox 1447 1135 1502 1170; x_wconf 84' lang='lat' dir='ltr'><strong>mc</strong></span> <span class='ocrx_word' id='word_1_172' title='bbox 1529 1124 1580 1159; x_wconf 92' lang='lat' dir='ltr'><strong>in-</strong></span> 
     </span>
     <span class='ocr_line' id='line_1_22' title="bbox 305 1176 1577 1222; baseline 0.002 -10"><span class='ocrx_word' id='word_1_173' title='bbox 305 1178 447 1222; x_wconf 81' lang='lat' dir='ltr'><strong>signiter</strong></span> <span class='ocrx_word' id='word_1_174' title='bbox 473 1178 692 1221; x_wconf 88' lang='lat' dir='ltr'><strong>meritorum,</strong></span> <span class='ocrx_word' id='word_1_175' title='bbox 734 1178 902 1222; x_wconf 88' lang='lat' dir='ltr'><strong>imprimis</strong></span> <span class='ocrx_word' id='word_1_176' title='bbox 938 1176 1163 1214; x_wconf 84' lang='lat' dir='ltr'><strong>nominandus</strong></span> <span class='ocrx_word' id='word_1_177' title='bbox 1199 1182 1251 1213; x_wconf 90' lang='lat' dir='ltr'><strong>est</strong></span> <span class='ocrx_word' id='word_1_178' title='bbox 1285 1178 1349 1212; x_wconf 89' lang='lat' dir='ltr'><strong>Vir</strong></span> <span class='ocrx_word' id='word_1_179' title='bbox 1383 1177 1577 1214; x_wconf 81' lang='lat' dir='ltr'><strong>Reverend.</strong></span> 
     </span>
     <span class='ocr_line' id='line_1_23' title="bbox 304 1230 1580 1276; baseline 0 -10"><span class='ocrx_word' id='word_1_180' title='bbox 304 1231 482 1267; x_wconf 87' lang='lat' dir='ltr'><strong>Johannes</strong></span> <span class='ocrx_word' id='word_1_181' title='bbox 509 1231 708 1275; x_wconf 82' lang='lat' dir='ltr'><strong>Schneider,</strong></span> <span class='ocrx_word' id='word_1_182' title='bbox 736 1241 826 1266; x_wconf 89' lang='lat' dir='ltr'><strong>nunc</strong></span> <span class='ocrx_word' id='word_1_183' title='bbox 852 1231 1048 1276; x_wconf 89' lang='lat' dir='ltr'><strong>presbyteri</strong></span> <span class='ocrx_word' id='word_1_184' title='bbox 1075 1242 1215 1267; x_wconf 87' lang='lat' dir='ltr'><strong>munere</strong></span> <span class='ocrx_word' id='word_1_185' title='bbox 1236 1230 1381 1275; x_wconf 84' lang='lat' dir='ltr'><strong>fungens</strong></span> <span class='ocrx_word' id='word_1_186' title='bbox 1408 1232 1443 1266; x_wconf 90' lang='lat' dir='ltr'><strong>in</strong></span> <span class='ocrx_word' id='word_1_187' title='bbox 1470 1232 1580 1267; x_wconf 85' lang='lat' dir='ltr'><strong>eccle-</strong></span> 
     </span>
     <span class='ocr_line' id='line_1_24' title="bbox 305 1284 1580 1331; baseline -0.001 -11"><span class='ocrx_word' id='word_1_188' title='bbox 305 1285 356 1320; x_wconf 87' lang='lat' dir='ltr'><strong>sia</strong></span> <span class='ocrx_word' id='word_1_189' title='bbox 383 1285 429 1320; x_wconf 90' lang='lat' dir='ltr'><strong>ad</strong></span> <span class='ocrx_word' id='word_1_190' title='bbox 444 1284 495 1321; x_wconf 87' lang='lat' dir='ltr'><strong>St.</strong></span> <span class='ocrx_word' id='word_1_191' title='bbox 509 1285 694 1320; x_wconf 86' lang='lat' dir='ltr'><strong>Matthiam</strong></span> <span class='ocrx_word' id='word_1_192' title='bbox 708 1285 980 1329; x_wconf 86' lang='lat' dir='ltr'><strong>Vratislaviensi,</strong></span> <span class='ocrx_word' id='word_1_193' title='bbox 997 1286 1146 1330; x_wconf 86' lang='lat' dir='ltr'><strong>fideique</strong></span> <span class='ocrx_word' id='word_1_194' title='bbox 1160 1285 1397 1329; x_wconf 85' lang='lat' dir='ltr'><strong>praeceptoris</strong></span> <span class='ocrx_word' id='word_1_195' title='bbox 1411 1284 1448 1319; x_wconf 93' lang='lat' dir='ltr'><strong>in</strong></span> <span class='ocrx_word' id='word_1_196' title='bbox 1461 1284 1580 1331; x_wconf 79' lang='lat' dir='ltr'><strong>schola</strong></span> 
     </span>
     <span class='ocr_line' id='line_1_25' title="bbox 305 1337 1581 1384; baseline 0 -11"><span class='ocrx_word' id='word_1_197' title='bbox 305 1337 351 1374; x_wconf 90' lang='lat' dir='ltr'><strong>ad</strong></span> <span class='ocrx_word' id='word_1_198' title='bbox 378 1337 428 1373; x_wconf 87' lang='lat' dir='ltr'><strong>St.</strong></span> <span class='ocrx_word' id='word_1_199' title='bbox 457 1338 633 1382; x_wconf 89' lang='lat' dir='ltr'><strong>Spiritum,</strong></span> <span class='ocrx_word' id='word_1_200' title='bbox 662 1338 721 1383; x_wconf 93' lang='lat' dir='ltr'><strong>qui</strong></span> <span class='ocrx_word' id='word_1_201' title='bbox 736 1349 825 1379; x_wconf 83' lang='lat' dir='ltr'><strong>,cum</strong></span> <span class='ocrx_word' id='word_1_202' title='bbox 852 1342 942 1374; x_wconf 90' lang='lat' dir='ltr'><strong>esset</strong></span> <span class='ocrx_word' id='word_1_203' title='bbox 959 1348 1066 1375; x_wconf 83' lang='lat' dir='ltr'><strong>meae</strong></span> <span class='ocrx_word' id='word_1_204' title='bbox 1094 1340 1230 1384; x_wconf 78' lang='lat' dir='ltr'><strong>patriae</strong></span> <span class='ocrx_word' id='word_1_205' title='bbox 1258 1339 1353 1374; x_wconf 89' lang='lat' dir='ltr'><strong>urbis</strong></span> <span class='ocrx_word' id='word_1_206' title='bbox 1381 1338 1581 1382; x_wconf 84' lang='lat' dir='ltr'><strong>capellanus</strong></span> 
     </span>
     <span class='ocr_line' id='line_1_26' title="bbox 306 1391 1580 1436; baseline -0.001 -9"><span class='ocrx_word' id='word_1_207' title='bbox 306 1391 432 1428; x_wconf 87' lang='lat' dir='ltr'><strong>eximia</strong></span> <span class='ocrx_word' id='word_1_208' title='bbox 459 1403 521 1428; x_wconf 87' lang='lat' dir='ltr'><strong>sua</strong></span> <span class='ocrx_word' id='word_1_209' title='bbox 548 1392 772 1436; x_wconf 85' lang='lat' dir='ltr'><strong>humanitate,</strong></span> <span class='ocrx_word' id='word_1_210' title='bbox 800 1393 894 1428; x_wconf 88' lang='lat' dir='ltr'><strong>nulla</strong></span> <span class='ocrx_word' id='word_1_211' title='bbox 920 1403 1002 1429; x_wconf 87' lang='lat' dir='ltr'><strong>vero</strong></span> <span class='ocrx_word' id='word_1_212' title='bbox 1030 1394 1189 1429; x_wconf 86' lang='lat' dir='ltr'><strong>mercede</strong></span> <span class='ocrx_word' id='word_1_213' title='bbox 1213 1394 1333 1429; x_wconf 86' lang='lat' dir='ltr'><strong>ductus</strong></span> <span class='ocrx_word' id='word_1_214' title='bbox 1354 1403 1500 1436; x_wconf 89' lang='lat' dir='ltr'><strong>puerum</strong></span> <span class='ocrx_word' id='word_1_215' title='bbox 1525 1402 1580 1427; x_wconf 90' lang='lat' dir='ltr'><strong>me</strong></span> 
     </span>
     <span class='ocr_line' id='line_1_27' title="bbox 307 1446 1581 1491; baseline 0 -11"><span class='ocrx_word' id='word_1_216' title='bbox 307 1446 426 1481; x_wconf 89' lang='lat' dir='ltr'><strong>docuit</strong></span> <span class='ocrx_word' id='word_1_217' title='bbox 460 1447 612 1489; x_wconf 85' lang='lat' dir='ltr'><strong>linguam</strong></span> <span class='ocrx_word' id='word_1_218' title='bbox 646 1447 789 1482; x_wconf 87' lang='lat' dir='ltr'><strong>latinam</strong></span> <span class='ocrx_word' id='word_1_219' title='bbox 833 1446 956 1481; x_wconf 87' lang='lat' dir='ltr'><strong>deinde</strong></span> <span class='ocrx_word' id='word_1_220' title='bbox 1001 1451 1137 1491; x_wconf 88' lang='lat' dir='ltr'><strong>patrem</strong></span> <span class='ocrx_word' id='word_1_221' title='bbox 1179 1457 1293 1482; x_wconf 89' lang='lat' dir='ltr'><strong>meum</strong></span> <span class='ocrx_word' id='word_1_222' title='bbox 1330 1449 1474 1490; x_wconf 87' lang='lat' dir='ltr'><strong>propter</strong></span> <span class='ocrx_word' id='word_1_223' title='bbox 1522 1455 1581 1480; x_wconf 89' lang='lat' dir='ltr'><strong>an-</strong></span> 
     </span>
     <span class='ocr_line' id='line_1_28' title="bbox 307 1494 1581 1544; baseline -0.002 -9"><span class='ocrx_word' id='word_1_224' title='bbox 307 1499 436 1543; x_wconf 83' lang='lat' dir='ltr'><strong>gustias</strong></span> <span class='ocrx_word' id='word_1_225' title='bbox 463 1499 516 1535; x_wconf 88' lang='lat' dir='ltr'><strong>rei</strong></span> <span class='ocrx_word' id='word_1_226' title='bbox 548 1498 729 1534; x_wconf 83' lang='lat' dir='ltr'><strong>familiaris</strong></span> <span class='ocrx_word' id='word_1_227' title='bbox 765 1500 823 1534; x_wconf 91' lang='lat' dir='ltr'><strong>diu</strong></span> <span class='ocrx_word' id='word_1_228' title='bbox 859 1504 1109 1544; x_wconf 85' lang='lat' dir='ltr'><strong>repugnantem</strong></span> <span class='ocrx_word' id='word_1_229' title='bbox 1143 1500 1335 1544; x_wconf 83' lang='lat' dir='ltr'><strong>commovit,</strong></span> <span class='ocrx_word' id='word_1_230' title='bbox 1370 1502 1410 1534; x_wconf 90' lang='lat' dir='ltr'><strong>ut</strong></span> <span class='ocrx_word' id='word_1_231' title='bbox 1442 1494 1581 1544; x_wconf 73' lang='lat' dir='ltr'><strong>gymna-</strong></span> 
     </span>
     <span class='ocr_line' id='line_1_29' title="bbox 307 1553 1582 1597; baseline -0.002 -8"><span class='ocrx_word' id='word_1_232' title='bbox 307 1554 393 1589; x_wconf 90' lang='lat' dir='ltr'><strong>sium</strong></span> <span class='ocrx_word' id='word_1_233' title='bbox 430 1564 485 1589; x_wconf 90' lang='lat' dir='ltr'><strong>me</strong></span> <span class='ocrx_word' id='word_1_234' title='bbox 523 1553 619 1588; x_wconf 88' lang='lat' dir='ltr'><strong>adire</strong></span> <span class='ocrx_word' id='word_1_235' title='bbox 655 1554 793 1596; x_wconf 86' lang='lat' dir='ltr'><strong>sineret,</strong></span> <span class='ocrx_word' id='word_1_236' title='bbox 827 1556 907 1596; x_wconf 85' lang='lat' dir='ltr'><strong>post</strong></span> <span class='ocrx_word' id='word_1_237' title='bbox 941 1565 1039 1597; x_wconf 84' lang='lat' dir='ltr'><strong>vero,</strong></span> <span class='ocrx_word' id='word_1_238' title='bbox 1075 1557 1174 1597; x_wconf 85' lang='lat' dir='ltr'><strong>patre</strong></span> <span class='ocrx_word' id='word_1_239' title='bbox 1211 1565 1288 1588; x_wconf 89' lang='lat' dir='ltr'><strong>meo</strong></span> <span class='ocrx_word' id='word_1_240' title='bbox 1322 1557 1468 1597; x_wconf 88' lang='lat' dir='ltr'><strong>mortuo,</strong></span> <span class='ocrx_word' id='word_1_241' title='bbox 1504 1563 1582 1586; x_wconf 90' lang='lat' dir='ltr'><strong>eum</strong></span> 
     </span>
     <span class='ocr_line' id='line_1_30' title="bbox 307 1604 1583 1650; baseline -0.002 -8"><span class='ocrx_word' id='word_1_242' title='bbox 307 1617 445 1650; x_wconf 86' lang='lat' dir='ltr'><strong>semper</strong></span> <span class='ocrx_word' id='word_1_243' title='bbox 470 1607 506 1640; x_wconf 94' lang='lat' dir='ltr'><strong>in</strong></span> <span class='ocrx_word' id='word_1_244' title='bbox 532 1616 586 1640; x_wconf 89' lang='lat' dir='ltr'><strong>me</strong></span> <span class='ocrx_word' id='word_1_245' title='bbox 613 1606 947 1649; x_wconf 84' lang='lat' dir='ltr'><strong>praestititanimum,</strong></span> <span class='ocrx_word' id='word_1_246' title='bbox 981 1610 1019 1641; x_wconf 92' lang='lat' dir='ltr'><strong>ut</strong></span> <span class='ocrx_word' id='word_1_247' title='bbox 1046 1610 1118 1642; x_wconf 86' lang='lat' dir='ltr'><strong>tum</strong></span> <span class='ocrx_word' id='word_1_248' title='bbox 1152 1607 1336 1642; x_wconf 86' lang='lat' dir='ltr'><strong>orbitatem</strong></span> <span class='ocrx_word' id='word_1_249' title='bbox 1361 1615 1470 1650; x_wconf 88' lang='lat' dir='ltr'><strong>puero</strong></span> <span class='ocrx_word' id='word_1_250' title='bbox 1498 1604 1583 1648; x_wconf 65' lang='lat' dir='ltr'><strong>mihi</strong></span> 
     </span>
     <span class='ocr_line' id='line_1_31' title="bbox 305 1657 1581 1705; baseline -0.001 -10"><span class='ocrx_word' id='word_1_251' title='bbox 305 1660 440 1703; x_wconf 89' lang='lat' dir='ltr'><strong>leniret,</strong></span> <span class='ocrx_word' id='word_1_252' title='bbox 468 1663 541 1695; x_wconf 91' lang='lat' dir='ltr'><strong>tum</strong></span> <span class='ocrx_word' id='word_1_253' title='bbox 569 1660 712 1695; x_wconf 90' lang='lat' dir='ltr'><strong>consilio</strong></span> <span class='ocrx_word' id='word_1_254' title='bbox 749 1662 785 1694; x_wconf 84' lang='lat' dir='ltr'><strong>et</strong></span> <span class='ocrx_word' id='word_1_255' title='bbox 810 1659 943 1703; x_wconf 90' lang='lat' dir='ltr'><strong>opibus,</strong></span> <span class='ocrx_word' id='word_1_256' title='bbox 967 1660 1081 1704; x_wconf 87' lang='lat' dir='ltr'><strong>quoad</strong></span> <span class='ocrx_word' id='word_1_257' title='bbox 1109 1661 1232 1705; x_wconf 77' lang='lat' dir='ltr'><strong>potuit,</strong></span> <span class='ocrx_word' id='word_1_258' title='bbox 1256 1659 1498 1704; x_wconf 74' lang='lat' dir='ltr'><strong>Benignissime</strong></span> <span class='ocrx_word' id='word_1_259' title='bbox 1519 1657 1581 1694; x_wconf 78' lang='lat' dir='ltr'><strong>‘ine</strong></span> 
     </span>
     <span class='ocr_line' id='line_1_32' title="bbox 302 1712 1582 1758; baseline -0.002 -9"><span class='ocrx_word' id='word_1_260' title='bbox 302 1715 451 1758; x_wconf 82' lang='lat' dir='ltr'><strong>juvaret.</strong></span> <span class='ocrx_word' id='word_1_261' title='bbox 506 1714 642 1748; x_wconf 86' lang='lat' dir='ltr'><strong>Deinde</strong></span> <span class='ocrx_word' id='word_1_262' title='bbox 668 1714 815 1756; x_wconf 84' lang='lat' dir='ltr'><strong>gratiam</strong></span> <span class='ocrx_word' id='word_1_263' title='bbox 842 1714 955 1748; x_wconf 87' lang='lat' dir='ltr'><strong>habeo</strong></span> <span class='ocrx_word' id='word_1_264' title='bbox 970 1714 1154 1748; x_wconf 85' lang='lat' dir='ltr'><strong>maximam</strong></span> <span class='ocrx_word' id='word_1_265' title='bbox 1183 1712 1467 1757; x_wconf 81' lang='lat' dir='ltr'><strong>praeceptoribus</strong></span> <span class='ocrx_word' id='word_1_266' title='bbox 1494 1712 1582 1750; x_wconf 83' lang='lat' dir='ltr'><strong>meis</strong></span> 
     </span>
     <span class='ocr_line' id='line_1_33' title="bbox 308 1765 1583 1810; baseline -0.002 -8"><span class='ocrx_word' id='word_1_267' title='bbox 308 1766 548 1809; x_wconf 86' lang='lat' dir='ltr'><strong>dilectissimis,</strong></span> <span class='ocrx_word' id='word_1_268' title='bbox 577 1766 653 1802; x_wconf 82' lang='lat' dir='ltr'><strong>VV.</strong></span> <span class='ocrx_word' id='word_1_269' title='bbox 682 1766 736 1802; x_wconf 87' lang='grc'><strong>111.</strong></span> <span class='ocrx_word' id='word_1_270' title='bbox 766 1766 907 1810; x_wconf 83' lang='lat' dir='ltr'><strong>Janske,</strong></span> <span class='ocrx_word' id='word_1_271' title='bbox 936 1766 1105 1810; x_wconf 88' lang='lat' dir='ltr'><strong>Winkler,</strong></span> <span class='ocrx_word' id='word_1_272' title='bbox 1133 1767 1233 1808; x_wconf 87' lang='lat' dir='ltr'><strong>Pohl,</strong></span> <span class='ocrx_word' id='word_1_273' title='bbox 1263 1767 1461 1810; x_wconf 83' lang='lat' dir='ltr'><strong>Baumgart,</strong></span> <span class='ocrx_word' id='word_1_274' title='bbox 1489 1765 1583 1800; x_wconf 89' lang='lat' dir='ltr'><strong>Run-</strong></span> 
     </span>
     <span class='ocr_line' id='line_1_34' title="bbox 307 1819 1580 1864; baseline -0.002 -9"><span class='ocrx_word' id='word_1_275' title='bbox 307 1820 377 1862; x_wconf 87' lang='lat' dir='ltr'><strong>kel,</strong></span> <span class='ocrx_word' id='word_1_276' title='bbox 406 1819 539 1863; x_wconf 86' lang='lat' dir='ltr'><strong>Scholz,</strong></span> <span class='ocrx_word' id='word_1_277' title='bbox 567 1820 744 1863; x_wconf 85' lang='lat' dir='ltr'><strong>Schedler,</strong></span> <span class='ocrx_word' id='word_1_278' title='bbox 771 1820 934 1864; x_wconf 92' lang='lat' dir='ltr'><strong>Kuschel,</strong></span> <span class='ocrx_word' id='word_1_279' title='bbox 963 1820 1125 1863; x_wconf 87' lang='lat' dir='ltr'><strong>Dittrich,</strong></span> <span class='ocrx_word' id='word_1_280' title='bbox 1154 1819 1247 1855; x_wconf 86' lang='lat' dir='ltr'><strong>Prof.</strong></span> <span class='ocrx_word' id='word_1_281' title='bbox 1277 1819 1517 1855; x_wconf 87' lang='lat' dir='ltr'><strong>Schmoelders</strong></span> <span class='ocrx_word' id='word_1_282' title='bbox 1543 1819 1580 1852; x_wconf 93' lang='lat' dir='ltr'><strong>in</strong></span> 
     </span>
     <span class='ocr_line' id='line_1_35' title="bbox 306 1870 1581 1918; baseline -0.002 -11"><span class='ocrx_word' id='word_1_283' title='bbox 306 1870 428 1918; x_wconf 88' lang='lat' dir='ltr'><strong>primis</strong></span> <span class='ocrx_word' id='word_1_284' title='bbox 463 1873 592 1908; x_wconf 88' lang='lat' dir='ltr'><strong>rectori</strong></span> <span class='ocrx_word' id='word_1_285' title='bbox 628 1873 797 1916; x_wconf 85' lang='lat' dir='ltr'><strong>gymnasii</strong></span> <span class='ocrx_word' id='word_1_286' title='bbox 831 1873 917 1907; x_wconf 82' lang='lat' dir='ltr'><strong>Viro</strong></span> <span class='ocrx_word' id='word_1_287' title='bbox 961 1873 1015 1907; x_wconf 94' lang='lat' dir='ltr'><strong>Ill.</strong></span> <span class='ocrx_word' id='word_1_288' title='bbox 1052 1873 1231 1908; x_wconf 89' lang='lat' dir='ltr'><strong>Wissowa.</strong></span> <span class='ocrx_word' id='word_1_289' title='bbox 1308 1873 1383 1915; x_wconf 82' lang='lat' dir='ltr'><strong>Quo</strong></span> <span class='ocrx_word' id='word_1_290' title='bbox 1424 1875 1581 1916; x_wconf 86' lang='lat' dir='ltr'><strong>tempore</strong></span> 
     </span>
     <span class='ocr_line' id='line_1_36' title="bbox 308 1925 1581 1970; baseline -0.001 -10"><span class='ocrx_word' id='word_1_291' title='bbox 308 1930 423 1961; x_wconf 87' lang='lat' dir='ltr'><strong>autem</strong></span> <span class='ocrx_word' id='word_1_292' title='bbox 464 1926 585 1960; x_wconf 89' lang='lat' dir='ltr'><strong>studiis</strong></span> <span class='ocrx_word' id='word_1_293' title='bbox 613 1926 819 1961; x_wconf 88' lang='lat' dir='ltr'><strong>academicis</strong></span> <span class='ocrx_word' id='word_1_294' title='bbox 846 1936 989 1970; x_wconf 85' lang='lat' dir='ltr'><strong>operam</strong></span> <span class='ocrx_word' id='word_1_295' title='bbox 1017 1926 1159 1970; x_wconf 85' lang='lat' dir='ltr'><strong>dabam,</strong></span> <span class='ocrx_word' id='word_1_296' title='bbox 1195 1926 1319 1970; x_wconf 88' lang='lat' dir='ltr'><strong>insigni</strong></span> <span class='ocrx_word' id='word_1_297' title='bbox 1354 1925 1581 1960; x_wconf 86' lang='lat' dir='ltr'><strong>admiratione</strong></span> 
     </span>
     <span class='ocr_line' id='line_1_37' title="bbox 308 1978 1581 2021; baseline -0.001 -7"><span class='ocrx_word' id='word_1_298' title='bbox 308 1981 361 2014; x_wconf 90' lang='lat' dir='ltr'><strong>sui</strong></span> <span class='ocrx_word' id='word_1_299' title='bbox 397 1983 431 2015; x_wconf 91' lang='lat' dir='ltr'><strong>et</strong></span> <span class='ocrx_word' id='word_1_300' title='bbox 466 1989 583 2015; x_wconf 89' lang='lat' dir='ltr'><strong>amore</strong></span> <span class='ocrx_word' id='word_1_301' title='bbox 620 1989 675 2016; x_wconf 69' lang='lat' dir='ltr'><strong>m)</strong></span> <span class='ocrx_word' id='word_1_302' title='bbox 711 1979 908 2015; x_wconf 85' lang='lat' dir='ltr'><strong>vinciebant</strong></span> <span class='ocrx_word' id='word_1_303' title='bbox 943 1979 1050 2018; x_wconf 82' lang='lat' dir='ltr'><strong>Proff.</strong></span> <span class='ocrx_word' id='word_1_304' title='bbox 1088 1981 1143 2017; x_wconf 75' lang='lat' dir='ltr'><strong>Ill.</strong></span> <span class='ocrx_word' id='word_1_305' title='bbox 1173 1980 1288 2015; x_wconf 88' lang='lat' dir='ltr'><strong>Haase</strong></span> <span class='ocrx_word' id='word_1_306' title='bbox 1331 1982 1366 2013; x_wconf 90' lang='lat' dir='ltr'><strong>et</strong></span> <span class='ocrx_word' id='word_1_307' title='bbox 1393 1978 1581 2021; x_wconf 87' lang='lat' dir='ltr'><strong>Rossbach,</strong></span> 
     </span>
     <span class='ocr_line' id='line_1_38' title="bbox 308 2033 1581 2079; baseline -0.002 -10"><span class='ocrx_word' id='word_1_308' title='bbox 308 2043 453 2079; x_wconf 91' lang='lat' dir='ltr'><strong>quorum</strong></span> <span class='ocrx_word' id='word_1_309' title='bbox 482 2033 673 2068; x_wconf 86' lang='lat' dir='ltr'><strong>eruditione</strong></span> <span class='ocrx_word' id='word_1_310' title='bbox 701 2034 834 2068; x_wconf 85' lang='lat' dir='ltr'><strong>institui</strong></span> <span class='ocrx_word' id='word_1_311' title='bbox 860 2044 937 2068; x_wconf 88' lang='lat' dir='ltr'><strong>cum</strong></span> <span class='ocrx_word' id='word_1_312' title='bbox 952 2037 1100 2078; x_wconf 81' lang='lat' dir='ltr'><strong>&#39;semper</strong></span> <span class='ocrx_word' id='word_1_313' title='bbox 1136 2034 1275 2078; x_wconf 85' lang='lat' dir='ltr'><strong>plurimi</strong></span> <span class='ocrx_word' id='word_1_314' title='bbox 1311 2043 1384 2068; x_wconf 87' lang='lat' dir='ltr'><strong>esse</strong></span> <span class='ocrx_word' id='word_1_315' title='bbox 1412 2036 1581 2077; x_wconf 81' lang='lat' dir='ltr'><strong>putarem,</strong></span> 
     </span>
     <span class='ocr_line' id='line_1_39' title="bbox 308 2087 1582 2132; baseline 0 -11"><span class='ocrx_word' id='word_1_316' title='bbox 308 2089 384 2122; x_wconf 88' lang='lat' dir='ltr'><strong>tum</strong></span> <span class='ocrx_word' id='word_1_317' title='bbox 411 2087 576 2130; x_wconf 85' lang='lat' dir='ltr'><strong>singulari</strong></span> <span class='ocrx_word' id='word_1_318' title='bbox 602 2087 855 2129; x_wconf 88' lang='lat' dir='ltr'><strong>benevolentia,</strong></span> <span class='ocrx_word' id='word_1_319' title='bbox 883 2098 952 2132; x_wconf 88' lang='lat' dir='ltr'><strong>qua</strong></span> <span class='ocrx_word' id='word_1_320' title='bbox 979 2098 1033 2123; x_wconf 89' lang='lat' dir='ltr'><strong>me</strong></span> <span class='ocrx_word' id='word_1_321' title='bbox 1061 2088 1368 2132; x_wconf 86' lang='lat' dir='ltr'><strong>prosequebantur,</strong></span> <span class='ocrx_word' id='word_1_322' title='bbox 1397 2087 1582 2122; x_wconf 89' lang='lat' dir='ltr'><strong>admodum</strong></span> 
     </span>
     <span class='ocr_line' id='line_1_40' title="bbox 307 2140 765 2176; baseline -0.002 -1"><span class='ocrx_word' id='word_1_323' title='bbox 307 2140 457 2176; x_wconf 82' lang='lat' dir='ltr'><strong>ornabar</strong></span> <span class='ocrx_word' id='word_1_324' title='bbox 483 2150 524 2175; x_wconf 85' lang='lat' dir='ltr'><strong>ac</strong></span> <span class='ocrx_word' id='word_1_325' title='bbox 554 2140 765 2176; x_wconf 88' lang='lat' dir='ltr'><strong>delectabar.</strong></span> 
     </span>
    </p>

    <p class='ocr_par' dir='ltr' id='par_1_4' title="bbox 308 2192 1584 2496">
     <span class='ocr_line' id='line_1_41' title="bbox 414 2192 1581 2238; baseline -0.002 -9"><span class='ocrx_word' id='word_1_326' title='bbox 414 2194 489 2229; x_wconf 90' lang='lat' dir='ltr'><strong>Nec</strong></span> <span class='ocrx_word' id='word_1_327' title='bbox 517 2194 627 2228; x_wconf 89' lang='lat' dir='ltr'><strong>minus</strong></span> <span class='ocrx_word' id='word_1_328' title='bbox 661 2196 760 2237; x_wconf 88' lang='lat' dir='ltr'><strong>grato</strong></span> <span class='ocrx_word' id='word_1_329' title='bbox 797 2194 910 2228; x_wconf 90' lang='lat' dir='ltr'><strong>animo</strong></span> <span class='ocrx_word' id='word_1_330' title='bbox 944 2194 1110 2230; x_wconf 88' lang='lat' dir='ltr'><strong>recordor</strong></span> <span class='ocrx_word' id='word_1_331' title='bbox 1136 2195 1179 2230; x_wconf 85' lang='lat' dir='ltr'><strong>V.</strong></span> <span class='ocrx_word' id='word_1_332' title='bbox 1214 2194 1268 2228; x_wconf 91' lang='lat' dir='ltr'><strong>Ill.</strong></span> <span class='ocrx_word' id='word_1_333' title='bbox 1306 2194 1367 2238; x_wconf 78' lang='lat' dir='ltr'><strong>Dr.</strong></span> <span class='ocrx_word' id='word_1_334' title='bbox 1395 2192 1581 2232; x_wconf 86' lang='lat' dir='ltr'><strong>Luebbert,</strong></span> 
     </span>
     <span class='ocr_line' id='line_1_42' title="bbox 308 2246 1584 2291; baseline -0.002 -9"><span class='ocrx_word' id='word_1_335' title='bbox 308 2246 406 2282; x_wconf 81' lang='lat' dir='ltr'><strong>cuius</strong></span> <span class='ocrx_word' id='word_1_336' title='bbox 431 2250 504 2281; x_wconf 89' lang='lat' dir='ltr'><strong>tum</strong></span> <span class='ocrx_word' id='word_1_337' title='bbox 531 2246 657 2282; x_wconf 91' lang='lat' dir='ltr'><strong>scholis</strong></span> <span class='ocrx_word' id='word_1_338' title='bbox 684 2247 923 2291; x_wconf 88' lang='lat' dir='ltr'><strong>privatissimis</strong></span> <span class='ocrx_word' id='word_1_339' title='bbox 950 2246 1090 2282; x_wconf 81' lang='lat' dir='ltr'><strong>interfui</strong></span> <span class='ocrx_word' id='word_1_340' title='bbox 1124 2257 1248 2290; x_wconf 86' lang='lat' dir='ltr'><strong>magna</strong></span> <span class='ocrx_word' id='word_1_341' title='bbox 1284 2257 1361 2281; x_wconf 91' lang='lat' dir='ltr'><strong>cum</strong></span> <span class='ocrx_word' id='word_1_342' title='bbox 1387 2255 1466 2281; x_wconf 83' lang='lat' dir='ltr'><strong>mea</strong></span> <span class='ocrx_word' id='word_1_343' title='bbox 1492 2246 1584 2281; x_wconf 85' lang='lat' dir='ltr'><strong>utili-</strong></span> 
     </span>
     <span class='ocr_line' id='line_1_43' title="bbox 308 2299 1584 2343; baseline -0.002 -8"><span class='ocrx_word' id='word_1_344' title='bbox 308 2303 394 2343; x_wconf 87' lang='lat' dir='ltr'><strong>tate,</strong></span> <span class='ocrx_word' id='word_1_345' title='bbox 419 2301 492 2334; x_wconf 89' lang='lat' dir='ltr'><strong>tum</strong></span> <span class='ocrx_word' id='word_1_346' title='bbox 520 2300 691 2334; x_wconf 84' lang='lat' dir='ltr'><strong>sincerum</strong></span> <span class='ocrx_word' id='word_1_347' title='bbox 715 2299 988 2343; x_wconf 87' lang='lat' dir='ltr'><strong>familiaremque</strong></span> <span class='ocrx_word' id='word_1_348' title='bbox 1016 2301 1176 2343; x_wconf 85' lang='lat' dir='ltr'><strong>animum,</strong></span> <span class='ocrx_word' id='word_1_349' title='bbox 1205 2310 1271 2343; x_wconf 88' lang='lat' dir='ltr'><strong>quo</strong></span> <span class='ocrx_word' id='word_1_350' title='bbox 1299 2309 1354 2333; x_wconf 82' lang='lat' dir='ltr'><strong>mc</strong></span> <span class='ocrx_word' id='word_1_351' title='bbox 1369 2308 1505 2342; x_wconf 88' lang='lat' dir='ltr'><strong>semper</strong></span> <span class='ocrx_word' id='word_1_352' title='bbox 1531 2301 1584 2333; x_wconf 88' lang='lat' dir='ltr'><strong>est</strong></span> 
     </span>
     <span class='ocr_line' id='line_1_44' title="bbox 310 2351 1584 2397; baseline -0.001 -9"><span class='ocrx_word' id='word_1_353' title='bbox 310 2355 510 2397; x_wconf 88' lang='lat' dir='ltr'><strong>prosecutus</strong></span> <span class='ocrx_word' id='word_1_354' title='bbox 526 2377 535 2393; x_wconf 96' lang='lat'><strong>,</strong></span> <span class='ocrx_word' id='word_1_355' title='bbox 572 2361 697 2395; x_wconf 85' lang='lat' dir='ltr'><strong>magno</strong></span> <span class='ocrx_word' id='word_1_356' title='bbox 739 2353 824 2388; x_wconf 89' lang='lat' dir='ltr'><strong>mihi</strong></span> <span class='ocrx_word' id='word_1_357' title='bbox 864 2353 982 2389; x_wconf 88' lang='lat' dir='ltr'><strong>decori</strong></span> <span class='ocrx_word' id='word_1_358' title='bbox 1024 2363 1099 2389; x_wconf 87' lang='lat' dir='ltr'><strong>esse</strong></span> <span class='ocrx_word' id='word_1_359' title='bbox 1141 2354 1271 2397; x_wconf 85' lang='lat' dir='ltr'><strong>putavi.</strong></span> <span class='ocrx_word' id='word_1_360' title='bbox 1334 2352 1462 2396; x_wconf 85' lang='lat' dir='ltr'><strong>Quibus</strong></span> <span class='ocrx_word' id='word_1_361' title='bbox 1501 2351 1584 2387; x_wconf 85' lang='lat' dir='ltr'><strong>viris</strong></span> 
     </span>
     <span class='ocr_line' id='line_1_45' title="bbox 312 2403 1584 2454; baseline 0.001 -13"><span class='ocrx_word' id='word_1_362' title='bbox 312 2406 468 2441; x_wconf 89' lang='lat' dir='ltr'><strong>omnibus</strong></span> <span class='ocrx_word' id='word_1_363' title='bbox 494 2405 626 2441; x_wconf 87' lang='lat' dir='ltr'><strong>utinam</strong></span> <span class='ocrx_word' id='word_1_364' title='bbox 653 2404 812 2448; x_wconf 82' lang='lat' dir='ltr'><strong>gratiam,</strong></span> <span class='ocrx_word' id='word_1_365' title='bbox 839 2417 941 2448; x_wconf 88' lang='lat' dir='ltr'><strong>quam</strong></span> <span class='ocrx_word' id='word_1_366' title='bbox 968 2407 1074 2444; x_wconf 87' lang='lat' dir='ltr'><strong>tacito</strong></span> <span class='ocrx_word' id='word_1_367' title='bbox 1097 2416 1234 2453; x_wconf 84' lang='lat' dir='ltr'><strong>semper</strong></span> <span class='ocrx_word' id='word_1_368' title='bbox 1254 2405 1369 2454; x_wconf 85' lang='lat' dir='ltr'><strong>habui,</strong></span> <span class='ocrx_word' id='word_1_369' title='bbox 1397 2403 1584 2453; x_wconf 79' lang='lat' dir='ltr'><strong>aliquando</strong></span> 
     </span>
     <span class='ocr_line' id='line_1_46' title="bbox 310 2458 843 2496; baseline 0 -1"><span class='ocrx_word' id='word_1_370' title='bbox 310 2458 486 2496; x_wconf 83' lang='lat' dir='ltr'><strong>referendi</strong></span> <span class='ocrx_word' id='word_1_371' title='bbox 512 2459 557 2494; x_wconf 90' lang='lat' dir='ltr'><strong>sit</strong></span> <span class='ocrx_word' id='word_1_372' title='bbox 583 2458 667 2494; x_wconf 86' lang='lat' dir='ltr'><strong>mihi</strong></span> <span class='ocrx_word' id='word_1_373' title='bbox 694 2459 843 2495; x_wconf 71' lang='lat' dir='ltr'><strong>occasio·</strong></span> 
     </span>
    </p>
   </div>
  </div>
 </body>
</html>
