1678 2717
874 177 898 215 2

296 291 370 332 Ov.
391 291 446 331 M.
475 291 613 337 4,493.
671 291 771 330 Inde
800 292 904 330 duos
933 293 1073 331 mediis
1102 294 1305 345 abrumpit
1333 294 1512 333 crinibus

1010 359 1060 384 an
1091 359 1163 385 ues

296 398 571 450 Pestiferaque
598 412 718 437 manu
745 405 887 451 raptos
916 359 1090 440 immisitg.

296 451 409 504 Virg.
440 452 487 491 A.
506 451 542 498 7,
560 452 638 490 346
667 452 774 491 Huic
804 452 881 491 dea
908 452 1104 491 coeruleis
1121 466 1245 491 unum
1274 453 1323 491 de
1340 454 1515 493 crinibus

1008 519 1179 545 anouem

297 559 473 608 Conjicit
502 560 625 609 inque
654 559 784 597 sinum
811 537 1131 609 praecordianad
1158 561 1298 597 intima
1325 560 1474 599 subdit..

349 611 509 660 Quibus
538 611 579 650 in
607 611 710 651 locis
740 611 894 650 nullum
930 616 991 651 est
1026 612 1237 665 vestigium
1278 609 1516 652 discriminis

242 665 349 703 illius
379 665 491 717 quod
526 666 661 704 verbis
691 665 886 704 Statianis
922 666 1091 704 indicari
1127 666 1297 706 videtur.
1352 666 1406 704 At
1441 679 1516 717 po·

243 720 320 755 tuit
347 719 502 756 Statius
533 731 609 756 suo
639 719 804 756 arbitrio
834 718 988 769 aliquid
1015 718 1163 770 fingere
1190 720 1231 756 in
1252 718 1516 757 describenda

243 771 342 810 facie
371 771 562 810 furiarum
592 770 755 823 reliquis
784 771 918 823 poetis
932 771 1186 811 inusitatum!
1214 771 1277 811 Id.
1290 785 1339 810 ne
1367 771 1517 811 factum

243 838 332 864 esse
361 825 502 864 credas
531 825 758 863 accuratius
788 831 1086 876 perscrutemur
1112 826 1228 864 locos
1258 825 1311 863 ad
1351 826 1516 864 eandem

246 892 326 918 rem
357 883 599 929 spectantes.
657 877 786 920 Theb,
820 876 1190 927 l,821n'a1noenum
1217 878 1322 916 forte
1351 878 1518 918 sedebat

302 931 488 985 Cocyton
512 931 632 984 juxta
657 930 919 983 resolutaque
947 929 1095 971 veitice
1123 934 1253 971 crines

295 987 488 1028 Lambere
517 985 716 1024 sulfureas
744 985 981 1036 permiserat
1009 987 1209 1038 anguibus
1236 986 1368 1024 undas

243 1040 338 1080 ibid.
368 1039 406 1083 9,
439 1038 513 1076 153
535 1038 644 1090 jussi
669 1043 833 1076 tenuere
862 1037 1024 1077 silentia
1052 1041 1183 1078 crines

296 1092 420 1140 9,]73
450 1090 640 1144 Eumenis
669 1104 720 1129 ex
749 1089 877 1130 oculis
906 1091 1053 1143 rejecta
1083 1092 1246 1132 coerula
1272 1104 1410 1144 parma

444 1145 504 1187 Fu
534 1145 564 1183 ‘t
592 1150 632 1183 et
659 1145 856 1183 innumeri
884 1145 1037 1196 galeam
1066 1156 1212 1198 rupere
1241 1150 1433 1184 cerastae.

301 1200 357 1247 ll,
376 1199 452 1236 494
523 1211 566 1236 ra
581 1197 835 1236 reducentem
868 1201 1010 1249 premit
1039 1198 1356 1239 adstridentibus
1372 1198 1516 1253 hydris

550 1252 650 1298 5,67
679 1251 884 1303 implicitis
912 1264 1058 1291 arcana
1087 1252 1297 1292 domorum

400 1306 614 1357 Anguibus
643 1311 683 1343 et
710 1318 831 1344 saeva
856 1304 1069 1344 formidine
1098 1311 1245 1345 cuncta
1271 1306 1442 1357 replevit

348 1359 515 1398 Limina.
535 1358 585 1397 cf.
617 1358 677 1404 12,
708 1357 797 1396 647.
833 1358 864 1405 1,
897 1357 982 1398 113.
1013 1358 1049 1405 4,
1081 1359 1170 1399 485.
1201 1360 1238 1405 4,
1268 1358 1330 1397 55.
1361 1358 1398 1405 7,
1427 1358 1515 1397 466.

248 1413 397 1459 11‚·65.
429 1412 465 1459 8,
493 1411 570 1450 763
601 1412 689 1451 silv.
721 1411 756 1458 2,
790 1411 931 1457 1‚185‚

346 1466 457 1504 Haec
486 1465 671 1515 pluribus
699 1464 875 1502 fortasse
895 1465 1171 1515 exposuimus,
1202 1478 1323 1517 quam
1351 1478 1516 1503 necesse

241 1519 329 1563 fuit,
359 1532 406 1557 eo
438 1517 599 1570 quidem
630 1517 815 1564 consilio,
845 1530 895 1555 ne
923 1518 1040 1556 nimis
1071 1517 1318 1557 confidenter
1345 1518 1515 1557 aStatio

240 1572 474 1624 abjudicare
504 1571 739 1616 videremur,
769 1571 883 1622 quod
898 1570 1092 1609 librorum
1116 1585 1211 1613 ωδε.
1240 1574 1516 1612 consentiente

240 1627 433 1665 memoria
460 1625 651 1663 traditum
681 1624 894 1676 usquead
922 1624 1002 1663 hoc
1031 1630 1190 1677 tempus
1217 1639 1267 1664 ne
1296 1625 1516 1665 dubitatio-

240 1694 329 1719 nem
372 1679 533 1732 quidem
578 1679 695 1717 Statii
756 1680 1016 1730 interpretum
1067 1681 1203 1718 movit.
1263 1679 1516 1719 Scholiastae

241 1734 352 1773 nulla
380 1738 513 1771 exstat
531 1732 809 1782 interpretatio
839 1736 999 1782 praeter
1026 1733 1218 1783 glossam,
1247 1745 1365 1784 quam
1379 1732 1516 1770 Barth.

241 1786 375 1826 attulit
412 1799 460 1832 „a
488 1790 603 1838 parte
639 1786 866 1837 posteriore
894 1785 1051 1836 capitis,
1091 1788 1187 1839 quia
1220 1785 1516 1837 praecedebant

240 1841 413 1891 majores
442 1843 484 1877 in
513 1842 669 1889 priore“
693 1851 795 1889 quae
825 1844 894 1876 aut
924 1839 973 1876 ab
1003 1840 1094 1889 ipso
1123 1839 1294 1877 Barthio
1321 1840 1416 1877 ficta
1444 1845 1516 1884 est,

241 1896 347 1931 sicut
375 1892 536 1938 multae,
575 1895 655 1938 aut,
685 1892 719 1928 si
748 1903 798 1927 ex
827 1891 907 1930 alio
936 1891 1049 1930 fonte
1074 1891 1201 1937 fluxit,
1232 1892 1464 1944 conscripta
1492 1904 1515 1929 a

241 1945 542 1999 glossographo
574 1945 724 1998 aliquo,
755 1945 823 1997 qui
858 1944 981 1984 verba
1008 1945 1147 1998 inepta
1174 1946 1291 1985 etiam
1317 1946 1515 1998 ineptiore

242 2000 511 2051 explicatione
543 2000 645 2037 ‘tueri
684 1999 851 2038 studuit.
908 1998 1108 2051 Equidem
1147 2001 1314 2052 vestigia
1350 2004 1514 2038 secutus

241 2053 427 2105 vulgatae
457 2053 681 2104 scripturae
709 2052 843 2090 locum
873 2053 1042 2091 emendo
1072 2055 1151 2092 sic:

296 2106 464 2145 Centum
492 2106 549 2144 illi
580 2111 735 2145 stantes
763 2106 1006 2145 umbrabant
1036 2120 1106 2145 ora
1135 2111 1314 2146 cerastae

294 2160 435 2198 Turba
461 2160 625 2198 minax
653 2160 726 2197 diri
758 2160 904 2210 capitis

295 2213 483 2252 Similiter
509 2212 655 2251 Oatull.
686 2216 748 2256 64,
783 2217 876 2250 193:

292 2266 535 2304 Eumenides
565 2266 713 2317 quibus
743 2265 942 2317 anguineo
971 2264 1155 2303 redimita
1184 2265 1330 2317 capillo

292 2320 423 2358 Frons
453 2319 706 2369 exspirante·
737 2323 971 2370 praeportat
999 2318 1175 2369 pectoris
1205 2320 1285 2356 iras

242 2372 292 2412 cf.
324 2373 416 2412 Sen.
445 2372 553 2410 Med.
582 2386 620 2410 v.
655 2371 740 2411 113.
770 2371 888 2411 Herc.
917 2371 1012 2411 Fur.
1042 2384 1080 2416 v,
1109 2370 1172 2409 85.

348 2425 395 2465 In
423 2438 544 2465 versu
576 2424 649 2463 103
679 2424 771 2462 Ald.
802 2429 841 2462 et
876 2424 942 2463 alii
970 2424 1183 2463 ediderunt
1221 2424 1415 2471 „Centum
1456 2422 1513 2461 illi

242 2484 448 2517 astantes“
478 2476 714 2527 (cf.·Barth.)
745 2489 847 2529 quae
867 2480 1072 2530 scriptura
1099 2491 1149 2516 ex
1173 2491 1254 2530 quo
1282 2478 1514 2527 fonte'pro-
