1678 2717
213 298 265 342 In
299 296 517 344 eiusmodi
550 298 666 343 locis
695 296 969 357 indagandis
1004 303 1064 354 et,
1099 297 1248 358 quoad
1264 300 1489 361 fieripos-

212 389 299 438 set,
335 381 625 429 emendandis
659 382 847 428 maxime
889 382 1080 443 positam
1122 383 1268 430 fuisse
1310 399 1490 446 operam

208 482 348 513 meam
395 467 629 528 praefatus
678 482 765 512 non
814 480 1000 523 vereor,
1059 481 1116 513 ne
1163 474 1329 514 rectam
1372 469 1490 515 viam

209 552 392 598 criticae
444 552 554 596 artis
603 550 880 597 factitandae
922 568 1109 612 prorsus
1146 551 1408 600 deseruisse
1445 560 1490 599 et

211 638 326 682 hunc
359 637 557 682 laborem
591 635 760 681 frustra
793 637 1058 697 suscepisse
1085 635 1257 683 videar.
1285 638 1486 683 Alteram

207 737 316 767 vero
357 728 529 782 partem
568 721 711 767 libelli
753 721 861 777 mei,
911 736 1025 781 quae
1066 729 1139 767 est
1187 723 1485 781 grammatica,

206 807 294 852 hoc
327 807 501 852 nomine
533 806 777 852 lectoribus
808 805 1154 852 commendatam
1186 806 1333 864 velim,
1368 806 1486 867 quod

207 890 266 935 ad
295 889 604 936 illustrandum
635 905 879 936 sermonem
905 897 1134 952 poetarum
1167 906 1262 937 cum
1297 906 1356 937 ex
1381 891 1509 937 aliis.

208 976 520 1037 scriptoribus,
552 984 637 1020 tum
673 990 732 1021 ex
767 974 914 1021 Statio
957 974 1116 1021 sedulo
1151 975 1345 1022 collecta
1374 990 1485 1021 eon-

205 1061 316 1106 tinet
350 1061 580 1122 exempla,
622 1075 801 1118 quorum
845 1060 932 1105 etsi
974 1074 1136 1105 vereor
1172 1076 1229 1106 ne
1270 1059 1486 1119 quaedam

205 1145 279 1191 vel
313 1145 490 1190 notiora
522 1145 625 1201 sint,
658 1143 734 1189 vel
769 1159 922 1205 parum
955 1144 1178 1205 probabili
1200 1145 1373 1191 ratione
1396 1160 1482 1201 ex—

205 1230 390 1290 plicata,
426 1245 511 1275 non
547 1235 849 1275 contemnetur
873 1236 1018 1274 tamen
1043 1229 1158 1274 haec
1177 1229 1482 1275 commentatio

204 1316 261 1360 ab
295 1314 368 1369 iis,
404 1315 476 1373 qui
499 1314 542 1358 in
569 1328 773 1359 sermone
801 1321 1030 1373 poetarum
1051 1314 1281 1358 latinorum
1297 1313 1484 1373 plurima

204 1397 351 1443 adhuc
383 1397 615 1457 incognita
648 1403 694 1442 et
728 1398 922 1442 obscura
956 1411 1064 1443 esse
1098 1396 1324 1457 cogitant,
1368 1411 1482 1456 quae

203 1483 327 1528 clare
369 1481 569 1543 perspici
614 1488 658 1526 et
701 1481 761 1526 ad
802 1488 941 1528 artem
981 1480 1128 1542 redigi
1167 1464 1481 1544 nonpossint,

203 1567 290 1612 nisi
322 1566 598 1627 singulorum
630 1573 856 1612 auctorum
882 1566 999 1612 locis
1027 1566 1365 1612 accuratissime
1397 1567 1480 1611 ob-

203 1652 413 1698 servatis.
485 1650 693 1697 Ceterum
727 1649 786 1695 de
819 1651 906 1696 hoc
945 1655 1040 1696 toto
1081 1650 1234 1696 libello
1279 1645 1375 1695 meo
1417 1650 1488 1700 ita,

196 1735 392 1796 Judicari
426 1735 574 1789 velim,
604 1741 651 1779 ut
682 1735 800 1779 viam
830 1733 891 1779 ad
919 1738 1092 1794 majora
1123 1732 1348 1780 molienda
1378 1734 1481 1778 mihi

202 1819 380 1881 aperire
412 1819 617 1864 voluisse
649 1817 820 1864 videar.
