1678 2717
752 107 803 144 33

146 225 258 277 quod
285 225 422 275 eloqui
449 223 619 264 dubitat.
673 225 904 263 Praesentis
932 223 1166 262 infinifivum
1206 222 1346 275 posuit
1374 223 1417 259 in

145 279 231 317 aliis
261 277 393 317 verbis
423 276 473 317 cf.
503 276 590 317 silv.
623 282 655 325 1,
685 283 720 326 5,
749 284 891 324 61-4‚
923 281 957 324 2,
989 282 1035 316 17
1065 299 1118 306 --
1145 276 1222 316 Th.
1258 281 1319 322 12,
1350 279 1414 316 79.

143 333 192 371 Ιη
219 331 353 370 verbis
383 343 539 382 ,‚p0sse,
562 331 706 383 juvat“
736 337 777 370 et
804 331 1023 370 similibus:

198 384 327 424 Theb.
358 389 393 430 6,
424 385 500 422 500
528 397 612 424 non
640 385 754 436 ipsae
782 384 950 423 horrore
978 386 1064 423 sine
1091 384 1176 422 alto

526 437 768 478 Eumenides
796 438 948 477 vidisse
976 443 1138 491 queant.

357 497 390 538 9,
418 496 495 530 274
627 496 788 544 poterat
811 491 1015 531 resolutus
1041 491 1205 543 Agenor

396 544 618 585 Emersisse
646 545 782 584 vadis:
819 544 967 596 puduit
993 546 1080 582 sine
1106 543 1230 582 fratre
1257 543 1414 583 reverti.

304 600 365 643 10,
397 603 470 637 938
501 601 636 649 potuit
662 598 815 637 fulmen
841 599 1035 637 meruisse
1063 595 1296 636 seeundum.

329 656 364 697 9,
394 655 468 690 526
499 651 599 702 quid
624 653 735 703 ripas
764 654 944 689 tenuisse
964 651 1094 702 juvat.

145 703 194 742 cf.
224 703 314 743 silv.
344 707 378 748 2,
410 709 444 750 1,
477 708 564 743 188.
623 709 655 750 1,
686 710 720 751 3,
751 710 812 749 96,
870 710 904 750 2,
935 709 969 748 6,
1009 708 1057 741 50
1094 716 1186 740 cum
1220 703 1415 742 emendat.

143 755 286 796 Markl.
341 755 406 794 Ex
420 756 678 799 similitudine
690 757 835 796 horum
851 756 1036 795 locorum
1053 755 1283 807 explicandi
1297 762 1413 795 sunt:

197 809 326 850 Theb.
358 815 393 863 3Ί
417 815 490 848 561
524 810 658 849 Silvas
688 823 800 848 amor
830 824 932 848 unus
962 810 1208 859 humumque
1235 809 1415 847 Edomu·

988 875 1069 900 isse
1095 874 1217 900 mann

198 920 233 962 3,
262 920 335 955 591
364 915 450 956 Nec
477 916 613 968 pudor
640 916 803 955 emerito
844 916 1017 967 clipeum
1043 917 1217 957 vestisse
1237 915 1415 966 juvenco

198 971 233 1014 2,
283 973 333 1006 84
361 969 465 1007 lacte
492 982 602 1007 novo
632 969 837 1007 domuisse
864 981 1047 1006 cruorem
1074 967 1217 1005 Luxus

198 1026 232 1070 ’7,
262 1026 338 1061 650
367 1021 468 1070 Quis
496 1022 627 1070 lucos,
655 1023 805 1062 vetitus
826 1022 974 1076 quibus
991 1021 1210 1061 emansisse
1226 1020 1418 1061 sacerdos

375 1076 514 1115 Suasit
542 1081 581 1115 et
608 1082 815 1116 assuetum
843 1077 1007 1115 Bromio
1043 1081 1197 1115 mutare
1240 1075 1417 1114 furorem

199 1128 297 1169 Sitv.
313 1134 347 1176 5,
366 1135 402 1175 3,
431 1134 499 1169 141
522 1130 574 1169 sit
589 1143 762 1182 pronum
780 1130 926 1170 vicisse
943 1130 1054 1168 domi
1071 1128 1121 1168 cf.
1134 1128 1269 1170 Theb.
1289 1134 1322 1175 1,
1343 1134 1415 1169 163

199 1182 286 1222 silv.
316 1188 352 1228 2,
384 1187 419 1229 5,
453 1189 499 1222 12
517 1183 610 1222 Hoc
627 1184 791 1223 licuisse
807 1183 921 1222 nefas
941 1182 1092 1235 placidi
1107 1184 1273 1221 timuere
1281 1182 1417 1222 Lones

145 1234 215 1273 ubi
242 1235 527 1275 Marklandus:
557 1236 700 1283 „Hanc
733 1237 947 1276 lectionem
980 1235 1075 1274 falsi
1106 1235 1239 1287 arguit
1273 1248 1418 1276 sensus

146 1291 390 1328 communis:
421 1303 536 1329 nemo
565 1289 668 1329 enim
695 1291 832 1332 timere
859 1294 999 1342 potest
1019 1288 1175 1341 aliquid
1201 1288 1419 1329 licuisse

147 1344 300 1394 quippe
327 1344 445 1381 timor
472 1344 607 1382 locum
633 1344 767 1390 habet,
798 1344 867 1382 ubi
894 1345 936 1382 in
964 1345 1117 1381 incerto
1146 1355 1210 1380 res
1233 1347 1305 1390 est,
1333 1356 1420 1382 non

145 1396 216 1433 ubi
244 1397 464 1446 praeteriit,
495 1396 608 1448 quod
635 1398 877 1435 timuimus.“
932 1395 1134 1435 Emendat
1155 1400 1289 1432 autem
1316 1395 1419 1443 „hoc

146 1447 309 1487 licuisse
342 1449 455 1487 nefas
491 1449 642 1501 placidi
669 1463 853 1501 gemuere
887 1449 1060 1487 leones“
1096 1461 1180 1486 non
1213 1448 1350 1500 inepte
1385 1451 1423 1487 si

147 1502 309 1540 omnino
338 1502 564 1554 abjicienda
591 1508 701 1542 esset
727 1502 847 1542 lectio
879 1516 974 1542 mss.
1005 1515 1109 1553 quae
1130 1506 1265 1541 tamen
1279 1501 1418 1542 defen-

147 1554 256 1593 ditur
282 1555 375 1594 loco
404 1556 504 1596 Hor.
534 1561 608 1596 art.
636 1562 747 1607 poet.
778 1560 882 1595 455“
919 1555 1128 1595 vesanum
1153 1555 1336 1607 tetigisse
1371 1556 1421 1596 ti-

146 1613 255 1645 ment
281 1607 521 1660 fugiuntque
547 1613 721 1660 poetam.

251 1661 453 1712 Persaepe
461 1661 600 1713 jungit
622 1666 747 1712 poeta
760 1661 844 1700 duo
859 1660 1090 1706 infinifivos,
1119 1660 1290 1701 alterum
1304 1674 1421 1713 prae-

148 1715 285 1760 sentis,
314 1714 481 1753 alterum
509 1714 688 1764 perfecti,
715 1713 828 1752 nullo
857 1711 1026 1765 prop'rio
1055 1713 1286 1756 discrimine
1323 1720 1422 1754 tem-

148 1766 260 1817 poris
303 1766 518 1815 distinctos
559 1765 633 1805 sed
667 1768 711 1805 in
739 1766 887 1819 quibus
924 1766 1049 1806 altera
1077 1769 1205 1814 actio,
1240 1767 1422 1820 perfecti,

147 1820 282 1870 possit
310 1820 361 1859 ad
390 1825 604 1872 utrumque
631 1824 791 1872 tempus
820 1825 859 1859 et
896 1834 1090 1872 praesens
1126 1825 1166 1859 et
1198 1820 1423 1872 perfectum

148 1872 296 1912 referri.
352 1873 535 1926 Namque
551 1873 852 1926 perfectum,
880 1874 967 1912 ubi
995 1879 1299 1925 usurpatum
1327 1879 1422 1922 est,

148 1931 317 1977 potest
344 1926 596 1966 commode
624 1940 759 1966 suam
785 1928 884 1968 vim
918 1928 1073 1975 tueri,
1108 1939 1207 1966 non
1241 1927 1422 1967 debuit

148 1981 443 2019 necessario
471 1983 608 2032 poni.
666 1980 841 2020 Videtur
875 1985 1009 2021 autem
1036 1985 1161 2033 poeta
1186 1980 1423 2035 plerumque

150 2033 363 2085 quamdam
404 2035 637 2074 varietatem
680 2034 877 2074 sermonis
915 2035 1185 2087 quaesivisse,
1218 2034 1422 2075 'interdum

152 2089 270 2125 etiam
297 2088 483 2127 metricas
511 2091 691 2129 rationes
720 2095 884 2127 secutus
912 2101 1012 2127 esse.

204 2139 333 2180 Theb.
367 2144 425 2189 12,
455 2146 529 2180 517
599 2140 722 2181 Juvat
750 2142 848 2182 orbe
877 2154 1017 2181 sereno
1034 2141 1335 2192 Contempsisse
1359 2141 1421 2180 ni-

595 2208 666 2235 ves
694 2200 735 2234 et
761 2195 912 2248 frigora
938 2195 1095 2237 solvere
1120 2194 1231 2235 Nilo.
1297 2233 1299 2235 ,

204 2248 293 2288 silv.
323 2253 359 2294 5,
389 2253 425 2294 8,
455 2252 532 2289 230
724 2248 848 2296 Quod
874 2247 1047 2286 subdere
1073 2248 1199 2289 robur

362 2301 439 2340 Illa
466 2301 564 2348 dies,
593 2305 787 2353 quantum
814 2300 949 2351 potuit
973 2300 1198 2352 dempsisse
1225 2303 1419 2342 senectae.

327 2358 363 2399 5,
393 2360 429 2402 3,
459 2359 535 2394 275
589 2354 668 2393 Fas
686 2353 780 2392 mihi
796 2355 850 2391 sit
862 2355 1020 2404 patrios
1037 2350 1420 2401 contingerevultus

585 2406 664 2446 Fas
685 2406 874 2460 junxisse
898 2416 1052 2442 manus.
