1678 2717
857 99 946 164 ¹18

277 242 365 282 Cul.
397 241 471 280 186
499 243 630 285 morti,
660 240 866 278 demittere
889 243 994 277 neci:
1022 239 1136 290 Virg.
1166 240 1213 276 A.
1243 240 1280 283 2,
1309 238 1372 276 85.
1402 237 1474 276 Sil.
1503 238 1553 278 lt.
1605 264 1608 265 ν

283 293 343 340 12,
372 293 464 333 468.
521 292 636 344 Virg.
664 291 710 330 A.
743 296 778 336 5,
822 291 897 330 691
949 291 1097 330 infesto
1126 290 1292 329 fulmine
1319 292 1450 334 morti,
1493 289 1556 327 Si-

278 359 445 389 mereor,
495 344 670 392 demitte,
706 343 861 383 Eadem
898 346 1054 384 ratione
1091 342 1238 382 dieitur
1267 344 1458 389 ‚‚mittere,
1488 340 1556 380 de-

277 402 435 438 mittere
462 398 584 436 leto“.
641 397 772 437 Theb.
804 398 837 441 1,
870 396 948 434 659
976 397 1262 448 Insignemque
1290 397 1460 434 animam
1473 395 1555 432 leto

281 452 446 492 demitte
474 450 509 497 6,
538 450 628 488 736.
684 449 779 489 Val.
806 449 867 488 ΕΙ.
897 449 934 495 7,
971 449 1050 489 314
1069 459 1124 477 ·-
1159 449 1315 487 mittere
1340 449 1450 488 leto:
1480 447 1555 486 Ov.

278 504 385 548 Fast.
421 509 458 547 2,
495 502 586 542 664.
643 502 678 548 5,
707 501 796 540 385.
851 501 993 540 Claud.
1023 501 1117 541 Ruf.
1160 502 1193 543 1,
1222 501 1313 540 236.
1370 501 1559 540 Similiter

280 555 727 660 {qudxessibgreAfeliop’
744 553 1561 654 Ιῗιῗὲ.ΒΥ(2111οΝ11ηὲἓΐιῖἒιιιὲθῒξὶζὶοτὲιῖἰ·

280 663 333 700 ad
362 663 509 701 similes
527 661 767 705 locutiones,
796 660 1157 710 cujusmodisuntz
1187 660 1368 705 „mittere
1390 659 1556 702 umbris,

284 715 405 760 Orco,
436 714 559 751 Eribo
591 718 691 753 ete,“
747 712 875 750 Theb.
910 712 1051 758 12,764
1081 712 1351 764 Capaneaque
1379 712 1558 749 misimus

281 767 432 806 umbris
482 766 667 804 Pectora.
753 765 860 809 Silv.
895 764 932 809 2,
962 765 998 811 4,
1029 765 1091 805 33.
1156 764 1285 803 Theb.
1315 764 1352 808 6,
1381 764 1454 802 821
1500 777 1561 801 se·-

282 820 438 871 pulcro.
482 818 609 869 .Virg.
639 819 686 856 A.
717 817 753 862 9,
784 815 860 855 785
892 817 1013 857 Orco.
1044 818 1080 862 2,
1109 817 1187 855 398
1217 818 1266 855 cf.
1297 817 1332 862 9,
1364 816 1455 856 527.
1486 816 1556 855 Sil.

282 873 329 910 It.
362 872 422 916 10,
457 870 529 908 137
560 870 678 908 vadis
714 870 873 908 liventis
913 870 1058 908 Averni
1104 870 1270 908 Demitti
1307 869 1451 921 globus
1486 868 1555 906 ille

283 929 397 1015 ἓξὲξ
436 922 855 1025 νόἓψῗὶῗθὲῗξζὲὲ·
882 923 1260 1013 Ἕωὲἐεηὲιὲέἒῑ
1296 921 1559 1012 ᾱῖἔ..ἒέ.;.ἒ;

285 1028 419 1072 Theb,
444 1027 504 1072 11,
533 1026 611 1065 463
642 1039 815 1077 seseque
842 1027 950 1078 polis
979 1033 1018 1065 et
1044 1028 1133 1065 luce
1161 1027 1300 1065 relicta
1327 1026 1559 1065 Descensu-

283 1094 366 1119 ram
397 1080 530 1118 Erebo
547 1080 588 1129 θ).
644 1080 715 1119 sil.
759 1080 808 1118 It.
857 1079 914 1123 13,
944 1080 1024 1119 708
1059 1080 1304 1118 descendere
1343 1081 1466 1117 nocti.
1501 1078 1560 1125 13,

287 1138 374 1172 759.
421 1132 496 1171 Ov.
523 1132 577 1170 M.
609 1131 646 1177 3,
680 1138 727 1170 14
758 1132 933 1170 Cadmus
962 1132 1226 1171 descenderat
1254 1137 1382 1172 antro.
1407 1131 1561 1169 deferre

284 1186 373 1225 silv.
418 1185 456 1230 2,
502 1184 539 1229 3,
581 1185 631 1223 74
670 1185 813 1236 Elysio
851 1185 1014 1225 deferre.
1073 1185 1201 1224 Theb.
1240 1185 1276 1230 7,
1307 1185 1383 1223 785
1411 1184 1558 1224 Erebo.

284 1239 484 1288 Pet-quam
524 1234 715 1287 frequens
761 1237 866 1275 idem
909 1243 972 1275 est
1013 1251 1114 1276 usus
1156 1237 1283 1275 dativi
1310 1238 1351 1274 in
1388 1237 1563 1275 vocibus

292 1291 465 1336 ‚,solum‚
494 1289 654 1334 humus,
685 1296 801 1333 terra,
831 1289 1026 1341 pelagus“
1057 1290 1187 1341 simill.

391 1342 522 1381 Theb.
554 1342 590 1388 7,
621 1342 671 1380 92
709 1342 818 1381 Vina
860 1342 949 1381 solo
990 1343 1176 1382 fundens.
1236 1343 1270 1387 1,
1300 1343 1377 1381 644
1405 1343 1561 1381 fundite

292 1396 385 1433 vina
413 1395 515 1433 focis
542 1394 643 1434 Aah.
674 1394 710 1439 2,
741 1394 818 1435 347
847 1394 937 1433 solo
975 1396 1250 1446 procumbere.
1334 1394 1409 1434 Ov.
1440 1395 1494 1434 M.
1524 1396 1559 1438 5,

290 1446 364 1486 122
393 1447 617 1486 Procubuit
643 1452 776 1486 terrae
805 1446 886 1486 vid.
916 1446 1039 1487 Gron.
1057 1447 1183 1487 Diatr.
1199 1462 1240 1499 p.
1271 1448 1346 1486 246
1380 1447 1439 1493 13,
1473 1448 1558 1488 176.

289 1501 348 1546 10,
378 1500 468 1538 210.
499 1499 535 1544 3,
569 1499 643 1537 127
684 1500 723 1537 Is
765 1512 839 1538 sua
858 1501 960 1550 jecit
1000 1501 1124 1539 humo
1153 1502 1308 1538 monitu
1337 1500 1561 1538 Tritonidis

284 1565 393 1589 arma
421 1553 489 1590 ubi
518 1557 615 1591 vett.
646 1551 741 1590 edit.
786 1551 947 1597 ‚‚humi“
967 1553 1007 1600 ⁷).
1048 1576 1093 1582 —
1126 1553 1254 1592 Theb.
1285 1557 1321 1598 5,
1350 1552 1427 1591 502
1456 1553 1560 1590 Mer·

367 1680 395 1720 ⁸)
418 1678 492 1710 vim
514 1678 604 1708 verbi
646 1677 844 1709 descendere
887 1678 993 1710 usitati
1016 1678 1057 1710 de
1091 1679 1212 1710 umbria
1235 1679 1277 1710 ad
1308 1678 1433 1712 inferos
1481 1689 1558 1710 eun·

291 1721 377 1752 tibus
398 1719 570 1752 illustravit
590 1718 736 1750 Gronov.
759 1719 850 1752 distr.
875 1719 955 1753 Stat.
978 1730 1010 1762 p.
1026 1720 1090 1753 58⁷
1112 1720 1200 1754 Con.
1223 1720 1265 1752 ad
1285 1719 1362 1752 Luc.
1384 1719 1415 1758 6,
1437 1720 1511 1755 713.

301 1794 306 1800 .
375 1772 402 1812 ¹)
425 1772 597 1804 Fluctuant
641 1771 809 1813 leiumque
830 1771 924 1803 inhia
946 1771 1027 1803 locis
1049 1772 1122 1804 libri
1143 1782 1220 1804 mss.
1244 1773 1285 1804 de
1298 1782 1362 1815 quo
1384 1772 1438 1803 vid
1449 1771 1560 1806 Heius.

285 1818 319 1846 et
340 1813 449 1845 Burin.
473 1814 514 1845 ad
538 1813 597 1847 Ov.
649 1819 706 1845 ast.
731 1814 762 1852 3,
785 1814 815 1852 2,
838 1813 880 1845 25
904 1818 935 1845 et
947 1812 1119 1848 Burmann.
1144 1815 1194 1847 ad.
1216 1814 1295 1848 Met.
1319 1816 1349 1853 4,
1375 1814 1445 1847 121.
1489 1815 1559 1847 Ab·

283 1856 400 1887 lativus
423 1857 470 1896 (et
492 1866 574 1897 quae
593 1855 661 1887 eius
683 1856 807 1887 notioni
830 1855 1015 1898 respondet,
1047 1856 1152 1889 forma
1182 1857 1325 1898 „humi“)
1353 1867 1420 1888 non
1441 1857 1559 1900 ubique

286 1897 379 1940 abjici
402 1898 508 1935 debet,
533 1898 652 1940 quippe
675 1898 728 1939 qui
751 1898 910 1929 actionem
933 1898 1022 1929 verbi
1037 1898 1106 1940 jam
1129 1899 1311 1931 absolutam
1335 1903 1368 1930 et
1387 1908 1454 1930 rem
1475 1900 1561 1931 ultra

283 1940 380 1973 finem
401 1940 553 1972 motionis
576 1943 664 1970 certo
689 1944 773 1971 statu
796 1939 933 1971 defixam
955 1946 1088 1982 spectet.
1132 1940 1194 1973 Est
1214 1946 1320 1973 autem
1331 1941 1560 1972 artificiosiorin

283 1991 364 2013 usus
386 1982 555 2019 ablativus,
579 1991 673 2023 quam
696 1981 832 2019 dativus,
855 1981 909 2023 qui
932 1981 1007 2013 nihil
1031 1983 1091 2014 nisi
1104 1988 1226 2014 motnm
1238 1983 1278 2014 ad
1300 1982 1406 2014 locum
1421 1982 1560 2025 aliquem

282 2023 438 2055 directmn
461 2023 627 2066 significat.
652 2022 710 2057 Ov.
733 2023 778 2057 M.
806 2024 854 2061 13,
877 2024 938 2055 ⁵41
958 2024 1188 2067 figerelumina
1209 2030 1295 2057 terra
1316 2025 1335 2057 i.
1360 2034 1378 2056 e
1409 2025 1442 2056 in
1464 2033 1560 2064 terra,

287 2075 361 2097 nam
384 2066 504 2098 nudum
528 2066 699 2097 ablativum
721 2065 815 2097 locali
848 2065 981 2097 notione
1009 2067 1094 2110 apud
1125 2072 1243 2109 poetas
1270 2067 1391 2110 passim
1412 2069 1562 2110 usurpari

283 2112 421 2181 ganamt,
456 2118 594 2150 querum
623 2107 733 2139 nescio
763 2117 804 2139 an
836 2117 932 2140 nemo
959 2108 991 2140 in
1021 2118 1061 2142 ea
1087 2120 1124 2142 re
1153 2109 1305 2151 audacior
1337 2108 1433 2141 suerit
1465 2119 1560 2151 quam

310 2150 409 2182 tatius

371 2192 474 2225 Theb.
498 2192 529 2230 5,
553 2191 616 2225 387
639 2192 833 2234 Spiculaque
856 2197 887 2223 et
908 2192 1008 2223 multa
1029 2193 1173 2225 crinitum
1196 2194 1316 2226 missile
1338 2194 1465 2226 flamma

604 2233 699 2265 Nunc
720 2234 837 2276 pelago
860 2244 944 2265 nunc
965 2244 1074 2275 puppe
1096 2236 1213 2267 cadunt

285 2275 339 2306 ubi
364 2275 539 2306 ablativum
569 2276 678 2317 posuit
699 2276 732 2306 in
761 2275 884 2315 vei-bos
898 2276 985 2317 quod
1030 2277 1139 2318 ropria
1166 2288 1225 2309 sua
1247 2277 1477 2320 significatione
1498 2279 1559 2310 de-

285 2317 407 2349 siderat
437 2318 652 2349 accusativum
688 2328 759 2348 cum
787 2328 898 2359 praep.
922 2318 963 2351 in.
988 2286 1115 2360 (suippe
1148 2319 1339 2352 obversatus
1375 2325 1427 2353 est
1453 2321 1558 2353 animo

283 2363 403 2400 poetae
433 2363 549 2397 status,
580 2359 633 2400 qui
665 2364 785 2390 motum
816 2360 970 2400 sequitur,
998 2363 1034 2390 nt
1065 2370 1131 2391 non
1166 2366 1230 2392 tam
1259 2371 1322 2402 quo
1351 2362 1416 2393 tela.
1444 2363 1559 2394 cadant

283 2400 495 2468 describagia
520 2401 578 2433 sed
600 2401 676 2442 quid
698 2401 772 2433 mali
795 2400 837 2431 ibi
868 2406 1059 2433 coacervata
1089 2404 1206 2435 misere
1228 2404 1351 2436 vexatis
1379 2404 1560 2437 addiderint
