1678 2717
703 120 795 163 ,21

141 240 315 278 alumno.
346 242 381 283 4,
411 240 447 279 4,
478 238 539 274 24.
596 234 723 275 Theb.
757 241 814 283 10,
848 241 934 275 101.
965 235 1054 284 (loc.
1085 242 1212 287 spur.)
1245 241 1304 280 10,
1327 239 1395 272 114

139 294 238 340 (loc.
272 293 397 341 spur.)
435 288 562 327 Theb.
604 294 635 335 1,
672 293 760 328 610.
806 290 893 327 silv.
935 294 1036 342 1,.4,
1078 292 1165 327 118.
1205 292 1238 334 3,
1274 292 1309 332 3,
1348 291 1409 325 65.

142 346 219 384 Ov.
247 343 303 382 M.
337 346 372 386 8,
407 344 492 380 144.
521 341 632 379 Rem.
664 346 712 381 68
743 343 877 393 capiti,
906 342 1001 381 Met.
1034 344 1095 387 12,
1128 344 1203 381 370
1234 340 1408 378 ossibus.

141 397 336 449 (Verbum
363 394 574 446 „jungere“
601 397 850 433 causativum
881 395 992 447 quod
1021 395 1152 433 dicere
1179 393 1272 432 licet
1299 393 1409 433 verbi

145 451 352 496 „haerere“
381 460 471 485 cum
500 448 636 486 dativo
666 449 871 499 jungitur:
909 448 1036 487 Theb.
1069 453 1103 492 8,
1133 451 1222 487 494.
1254 452 1289 489 8,
1321 451 1409 485 544.

141 508 176 549 9,
216 506 304 541 771.
351 506 410 548 10,
448 504 535 540 249.
582 505 641 546 10,
681 504 769 542 520.
807 501 904 541 Silv.
945 506 977 548 3,
1016 505 1050 546 2,
1092 505 1152 541 65.
1191 500 1241 539 cf.
1282 499 1410 539 Theb.

142 561 175 604 6,
206 560 294 595 720.
325 555 419 603 (loc.
446 557 571 605 spur.)
602 554 698 594 Silv.
730 559 763 602 5,
794 560 828 601 3,
855 559 943 595 253.
975 555 1074 593 Ach.
1105 558 1144 600 2,
1173 558 1236 593 48.
1267 557 1302 597 2,
1322 557 1408 592 224.

142 614 177 655 2,
225 609 329 659 243.)
386 607 514 646 Theb.
568 612 604 654 4,
650 612 722 647 129
768 609 889 659 capiti
946 608 1076 645 tremit
1117 619 1233 645 aerea
1281 609 1410 645 cassis

141 668 176 708 4,
224 666 297 701 154
342 660 493 699 flavent
540 661 660 712 capiti
703 661 900 712 tergoque
942 661 1104 698 leonum
1148 660 1410 707 Exuviae11).

120 715 252 768 >Virg.
282 715 379 752 Aen.
416 719 475 758 10,
509 718 584 752 270
622 713 749 752 Ardet
776 726 882 764 apex
912 716 1048 764 capiti.
1104 712 1232 752 Theb.
1266 719 1298 757 1,
1320 717 1409 752 609.

143 768 218 807 Ov.
242 768 311 807 ·M.
351 771 385 813 6,
425 771 515 806 593.
574 766 780 814 Quaedam
816 766 940 804 verba
986 765 1188 816 pertinent
1230 765 1282 803 ad
1331 767 1408 803 vim

142 821 255 860 verbi
286 821 474 867 „abesse“
503 832 607 871 quae
637 826 698 858 est
733 819 930 857 contraria
962 819 1091 870 simpl.
1121 819 1228 857 verb.
1259 824 1411 864 ‚,esse“.

140 875 251 926 Virg.
283 874 369 912 Ecl.
408 878 443 916 6,
477 878 523 911 16
563 877 675 910 serta.
712 873 853 924 procul
892 878 1046 910 tantum
1085 874 1207 922 capiti
1245 872 1413 923 delapsa

133 927 328 979 jacebant
364 927 413 963 cf.
443 926 575 977 Heyn.
617 926 668 963 ad
697 926 736 964 h.
766 926 792 965 l.
822 925 923 963 labi:
963 925 1036 963 Ov.
1081 925 1134 963 M.
1171 932 1206 970 3,
1245 928 1319 964 (399
1355 925 1411 963 la-

141 982 261 1019 certis
300 985 476 1019 catenae.
511 979 598 1018 Am.
632 985 665 1024 1,
697 984 731 1024 6,
776 983 824 1020 39
863 992 1013 1017 cornua
1048 978 1184 1018 comis.
1239 977 1347 1018 Fast.
1376 978 1411 1025 3,

141 1038 187 1073 29
233 1033 388 1084 capillis
417 1033 528 1070 vitta.

246 1085 412 1136 Larga
449 1088 685 1136 suppetit
721 1086 869 1136 copia
904 1086 1170 1123 verborum
1207 1098 1409 1136 compo-

141 1141 370 1184 sitorum,
406 1139 451 1176 in
482 1138 666 1190 quibus
697 1139 920 1178 dativum
955 1138 1225 1189 usurpavit
1259 1142 1411 1189 poeta

140 1206 231 1244 pro
261 1194 558 1230 accusativo
588 1206 695 1230 eum
725 1192 1208 1244 praepositionibus
1236 1193 1306 1237 in,
1336 1191 1408 1234 ad,

140 1247 274 1284 inter
309 1245 535 1297 simplici
572 1246 729 1284 verbo
767 1245 1030 1296 adjuncto3
1068 1257 1171 1297 quae
1208 1249 1410 1283 structura

139 1299 214 1337 etsi
249 1299 409 1337 serioris
446 1301 589 1337 aetatis
629 1300 866 1350 scriptorum
906 1301 1128 1337 communis
1165 1302 1237 1343 est,
1276 1303 1408 1336 tamen

142 1353 277 1391 nescio
307 1365 356 1390 an
386 1365 502 1390 nemo
539 1354 580 1389 in
617 1365 663 1389 ea
692 1352 923 1391 adhibenda
960 1352 1135 1390 crebrior
1169 1351 1292 1389 fuerit
1320 1352 1409 1389 Sta-

139 1408 210 1450 tio,
242 1408 312 1457 qui
342 1408 459 1443 etiam
487 1405 740 1444 adamavit
765 1406 814 1443 in
841 1406 938 1443 hoc
967 1418 1144 1456 genere
1166 1404 1408 1455 quaedam

139 1459 293 1497 verba
330 1459 615 1509 composita
651 1458 784 1510 apud
825 1459 955 1496 alios
998 1461 1282 1509 scriptores
1325 1461 1411 1495 aut

138 1524 251 1551 rara
267 1511 405 1550 admo
423 1512 532 1550 dum
561 1515 645 1549 aut
665 1512 814 1563 plane
842 1512 1063 1559 insueta,
1092 1510 1310 1563 reliquis
1340 1513 1409 1549 ita

139 1579 255 1605 usus
285 1570 381 1613 est,
409 1570 462 1604 ut
491 1570 800 1604 structuram
831 1565 984 1604 dativi
1011 1569 1306 1604 constanter
1334 1578 1409 1603 se-

139 1623 390 1671 queretur.
453 1618 541 1656 Jam
576 1621 699 1670 igitur
744 1619 801 1656 ab
844 1619 920 1656 his
955 1619 1247 1663 notioribus
1290 1631 1409 1669 pro-

136 1673 264 1711 fecti
305 1684 648 1710 enumeremus
698 1671 788 1710 illa
843 1685 965 1722 quae
1021 1677 1139 1714 sunt
1193 1671 1410 1709 rarioris

137 1738 459 1815 ususi-nferre:
517 1777 645 1815 Theb.
676 1777 711 1823 2,
741 1776 816 1814 726
847 1780 952 1815 arvis
984 1782 1016 1823 5,
1047 1778 1122 1816 240
1149 1776 1345 1815 thalamis.
1377 1782 1409 1823 1,

142 1834 227 1869 185.
257 1833 291 1877 2,
323 1833 409 1868 560.
443 1835 477 1874 5,
510 1835 597 1870 714.
628 1834 662 1877 8,
693 1835 780 1878 751,
811 1831 897 1870 silv.
926 1836 961 1874 4,
993 1835 1028 1875 2,
1053 1835 1093 1869 2.
1141 1830 1409 1868 Laurentibus

138 1883 245 1936 agris
269 1883 352 1922 vid.
382 1885 499 1921 etiam
529 1883 618 1922 silv.
651 1888 685 1930 3,
715 1888 749 1929 2,
781 1888 841 1924 28.
874 1889 908 1929 3,
938 1890 973 1922 2.
1003 1883 1064 1922 22.
1096 1883 1226 1923 Theb.
1257 1883 1293 1928 2,
1321 1888 1407 1922 119.

139 1937 213 1975 Ov.
247 1937 302 1976 M.
342 1941 377 1981 9,
407 1939 496 1975 272.
557 1941 615 1982 15,
647 1941 735 1977 846.
793 1938 924 1977 Semel
959 1940 1097 1988 posuit
1139 1937 1408 1988 praepositio-

138 2002 227 2028 nem
258 1992 347 2035 „in“
379 2003 468 2028 cum
484 1992 719 2029 accusativo
749 1991 879 2030 Theb.
909 1995 942 2036 7,
959 1994 1033 2029 698
1064 1989 1220 2028 medius
1239 1989 1409 2029 insertur

138 2045 177 2081 iu
205 2043 358 2082 hostes.
413 2043 465 2081 In
479 2043 678 2083 ducere:
709 2043 837 2083 Theb.
869 2048 904 2090 2,
936 2048 1022 2082 200.
1050 2045 1195 2096 regnis.
1227 2047 1287 2089 12,
1318 2047 1406 2082 226.

143 2101 201 2140 12,
230 2101 319 2135 464.
350 2096 449 2136 Ach.
484 2101 515 2142 1,
549 2101 632 2136 125.
678 2103 710 2135 1.
741 2101 829 2137 548.
911 2097 1168 2148 Ingerereg
1212 2097 1340 2135 Tbeb.
1371 2102 1405 2141 9,

225 2253 266 2294 ¹¹)
289 2253 405 2285 Parum
429 2258 519 2286 acute
538 2255 578 2286 de
601 2265 639 2286 eo
662 2264 724 2286 usu
746 2255 876 2286 disserit
898 2253 937 2289 Ο.
960 2254 1137 2287 Muellerus
1168 2255 1197 2286 in
1223 2255 1314 2294 „Qua
1345 2260 1402 2287 est.

138 2294 217 2328 Stat.
241 2306 425 2339 programm
438 2296 496 2328 des
519 2308 661 2340 gymnas.
687 2296 764 2329 Zum
779 2297 1042 2340 grauenKloster
1064 2297 1173 2329 Berlin
1199 2298 1288 2334 1861,
1310 2297 1405 2338 p.28‚

136 2348 207 2369 eum
229 2340 421 2371 enumeratis
444 2340 632 2381 quibusdam
654 2338 747 2380 hujus
771 2345 803 2371 et
825 2339 906 2371 alius
940 2341 1068 2383 generis
1086 2340 1238 2381 exemplis
1252 2340 1403 2381 explicat:

137 2378 223 2453 „Hit>
241 2383 273 2411 et
294 2381 401 2413 multis
422 2382 492 2413 aliis
515 2382 595 2413 locis
624 2382 762 2413 dativum
797 2384 888 2424 ponit
924 2394 983 2426 pro
1013 2382 1304 2425 praepositionibus
1334 2392 1404 2414 eum

136 2421 201 2454 cui
225 2432 263 2454 us
286 2422 383 2456 suis“.
