1678 2717
729 146 772 182 17

170 261 297 301 Theb,
331 262 364 304 1,
408 265 483 297 324
513 261 628 299 Tunc
673 261 786 299 sedet
811 261 996 299 Inachias
1032 261 1151 299 urbes
1179 262 1377 300 Dana-eia-

876 326 955 365 que
983 327 1079 353 arva

169 367 225 405 Et
251 365 468 416 caligantes
497 366 670 416 abrupto
700 367 785 404 sole
813 366 1005 417 Mycenas

167 419 285 456 Ferre
311 420 389 455 iter
415 418 670 468 impavidum.

224 474 259 515 7,
291 469 368 516 162,
395 469 467 507 sed
494 483 578 508 non
605 470 785 508 Danaeia
813 471 949 508 limina
981 471 1073 509 talis
1101 471 1380 510 Parrhasium-

117 535 194 573 que
234 535 373 560 nemus
418 522 677 574 Ledaeasque
718 523 795 561 ibis
835 523 1024 576 Amyclas
1076 524 1176 562 Ach.
1214 523 1250 569 2,
1303 528 1379 561 348

115 581 321 626 terrasque
347 575 451 613 freto
468 576 625 614 delatus
640 576 822 614 Achaeas
844 576 1043 626 Hospitis
1058 577 1223 614 Atridae
1251 576 1287 621 2,
1303 580 1378 614 247

115 627 287 665 Mittitur
313 628 586 666 Haemoniam.
627 628 756 670 Theb.
788 633 928 675 7,180.
975 634 1005 674 7,
1033 633 1109 666 424
1139 628 1228 666 Jam
1256 630 1378 679 ripas,

115 680 287 731 Aesope,
305 686 397 719 tuas
417 680 650 733 Boeotaque
670 688 844 728 ventum,
871 681 1028 719 Littora
1055 681 1137 718 vid.
1167 680 1204 726 2,
1234 681 1311 718 322
1330 703 1381 708 ——

115 732 150 777 8,
182 737 256 770 513
287 734 459 771 Tartara
485 735 553 774 ire.
612 735 645 778 1,
678 740 752 773 643
781 739 949 784 penates
979 734 1180 772 advenire.
1238 738 1273 777 3,
1307 733 1376 770 121

116 784 171 821 Ut
199 797 300 822 vero·
322 786 489 824 infames
505 786 699 838 scopulos
727 786 949 838 silvamque
968 785 1182 824 nefandam
1208 784 1383 824 Perven-

115 842 200 874 tum
228 838 276 876 cf.
315 838 389 878 Ov.
418 844 508 878 met.
540 845 573 886 3,
601 844 675 878 462
706 840 818 890 Virg.
846 841 942 877 Aen.
973 845 1009 884 4,
1043 843 1128 877 124.
1186 838 1313 876 Theb.
1345 842 1381 883 5,

116 893 192 927 280
223 893 368 940 gemini
397 905 477 942 qua
503 892 668 930 brachia
694 895 796 929 muri
823 892 957 929 Littus
986 896 1093 928 eunt.
1151 889 1249 928 Silv.
1281 894 1315 935 3,
1347 894 1381 936 5,

115 940 161 979 81
193 940 268 980 has
305 956 379 995 ego
414 951 454 982 te
491 944 607 983 sedes
641 944 857 983 transferre
891 944 1047 984 laboro.
1104 950 1140 989 4,
1178 943 1214 990 6,
1250 947 1299 981 60
1328 942 1383 981 Et

118 996 300 1033 comitem
330 1010 501 1042 occasus
531 1011 664 1044 secum
694 998 883 1048 portabat
911 1002 950 1035 et
986 1003 1112 1036 ortus.
1194 996 1286 1034 Hoc
1321 995 1381 1033 di-

116 1047 231 1085 cendi
247 1061 374 1100 genus
394 1052 512 1087 etiam
530 1051 571 1088 in
588 1052 750 1088 nomine
767 1051 975 1089 abstracto
986 1049 1199 1101 usurpavit
1227 1048 1381 1087 Statius

115 1100 242 1141 Theb.
274 1101 313 1148 5,
326 1102 376 1140 47
405 1103 514 1141 unde
540 1103 620 1142 hos
639 1103 830 1144 advenias
858 1116 982 1155 regno
1020 1103 1177 1154 dejecta
1202 1102 1377 1142 labores.

217 1209 457 1247 Dativum
505 1212 553 1247 in
602 1223 829 1248 sermone
877 1210 1082 1260 poetico
1130 1221 1379 1260 persaepe

114 1264 354 1312 usurpari
389 1262 549 1300 locali
585 1262 790 1313 quadam
836 1261 1246 1313 significatione,
1289 1274 1378 1298 cum

114 1325 163 1349 ex
172 1313 260 1352 aliis
271 1316 404 1365 poetis
413 1319 556 1353 notum
573 1320 646 1362 est,
661 1320 746 1353 tum
765 1315 959 1365 exemplis
984 1314 1179 1352 Statianis
1190 1326 1378 1364 compro—

114 1366 233 1405 batur
259 1367 452 1417 plurimis,
507 1368 603 1406 Non
630 1368 721 1406 dico
748 1368 872 1406 verba
899 1368 1136 1417 composita,
1162 1367 1204 1403 in
1233 1367 1381 1418 quibu·

115 1420 172 1455 vis
213 1422 530 1470 praepositionis
573 1422 739 1471 requirit
766 1420 957 1465 dativum,
1000 1419 1050 1457 de
1087 1431 1167 1471 qua
1208 1432 1251 1457 re
1277 1419 1382 1458 infra

114 1470 343 1522 disputabo,
391 1473 460 1511 sed
501 1473 696 1525 quaedam
730 1474 854 1511 verba
879 1473 1080 1518 movendi,
1111 1472 1259 1523 quibus
1290 1486 1380 1510 cum

116 1524 228 1562 initio
259 1530 458 1563 certorum
505 1527 851 1564 substantivorum
889 1525 1016 1563 dativi
1049 1525 1201 1562 formae
1236 1524 1379 1575 adjun-

113 1581 311 1627 gerentur,
341 1578 549 1629 paullatim
578 1579 828 1617 crebrescere
855 1590 954 1615 usus
983 1583 1023 1616 et
1052 1577 1105 1615 ad
1134 1577 1278 1617 similia
1304 1590 1377 1616 no—

113 1631 219 1668 mina
254 1632 422 1669 transire
460 1634 606 1682 coepit.
664 1632 914 1682 Quamquam
943 1631 1037 1668 inde
1072 1644 1155 1668 non
1201 1632 1382 1681 sequitur

115 1683 226 1732 quod
263 1684 424 1733 quidam
452 1684 607 1729 volunt,
648 1684 772 1722 dativi
815 1686 893 1721 vim
935 1683 985 1720 ab
1014 1683 1127 1721 initio
1174 1683 1379 1734 propriam

115 1734 241 1774 fuisse
283 1736 465 1783 localem,
507 1750 610 1788 quae
657 1738 690 1776 si
735 1741 844 1775 esset
879 1736 995 1774 etiam
1026 1737 1068 1774 in
1098 1735 1210 1774 nudo
1240 1736 1379 1774 dativo

117 1795 439 1840 cognosceretur.
464 1809 471 1813 ⁸
495 1791 615 1829 Nunc
643 1792 730 1842 ejus
757 1790 867 1829 modi
884 1790 1063 1828 dativum
1089 1803 1172 1827 non
1199 1790 1393 1828 invenias·

117 1844 191 1879 nisi
222 1855 246 1879 a
273 1848 382 1881 certo
411 1856 557 1895 genere
584 1844 798 1882 verborum
826 1842 1077 1894 pendentem.

167 1896 225 1933 Ac
253 1896 381 1946 primo
410 1896 570 1948 quidem
598 1896 699 1934 haec
726 1896 828 1934 ratio
859 1895 1018 1933 dicendi
1054 1899 1280 1946 propagata
1304 1893 1382 1931 fuit

115 1947 283 1986 vocibus
327 1950 439 1994 „neci
480 1950 609 1993 morti,
652 1949 800 1999 capiti“
842 1949 884 1985 in
926 1948 1073 1999 quibus
1114 1960 1197 1984 non
1238 1946 1383 1997 injuria

60 2019 64 2022 ·
120 2000 292 2039 obsoleti
320 2015 438 2040 casus
466 2002 631 2040 locativi
659 2003 847 2053 proprias
875 2000 1024 2039 formas
1052 2011 1323 2052 recognoscas
1340 1999 1381 2049 ⁶).

223 2054 351 2096 Theb.
392 2056 452 2101 12,
496 2055 573 2094 ’764
618 2054 950 2106 Hippomedonta
988 2055 1075 2094 neci
1117 2053 1385 2105 Capaneaque

115 2109 292 2147 misimus
320 2110 473 2147 umbris
500 2109 684 2148 Pectora.
742 2108 817 2146 Ov.
833 2108 886 2145 M.
904 2107 940 2150 7,
964 2107 1054 2151 606,
1087 2107 1147 2152 15,
1182 2105 1255 2144 109
1285 2105 1381 2144 Cor-

117 2175 217 2212 pora
257 2165 380 2201 missa
420 2163 507 2199 neci
552 2174 592 2200 v.
632 2160 739 2201 Fast,
771 2160 807 2207 5,
838 2159 927 2198 624.
983 2159 1093 2210 Virg.
1123 2158 1170 2198 A.
1203 2161 1263 2204 12,
1294 2157 1383 2195 513.

202 2353 228 2395 ⁸)
252 2352 301 2387 Cf.
323 2353 423 2385 Haas·
446 2352 495 2386 ad.
518 2352 595 2384 Reis
640 2360 749 2383 mmm.
778 2360 809 2422 Y
832 2348 897 2381 ⁶30
918 2349 1026 2383 adnot.
1050 2348 1122 2382 520.
1155 2347 1214 2379 De
1237 2356 1299 2379 usu
1319 2345 1382 2382 vid,

117 2396 234 2439 Reisig.
257 2396 275 2438 §
296 2395 359 2427 36⁷
383 2400 415 2427 et
437 2395 456 2436 §
478 2394 549 2428 379.
644 2392 759 2425 addim.
798 2391 822 2424 1.
845 2402 877 2433 p,
903 2393 981 2427 154,
1045 2389 1211 2422 Heindorf.
1242 2390 1284 2421 ad
1303 2389 1383 2422 Hor.

119 2439 184 2470 Sat.
207 2443 238 2477 ²2,
262 2440 292 2475 5,
315 2437 369 2470 47.-
1134 2474 1153 2505 2
