1678 2717
854 200 877 238 ⁷

282 322 395 361 Cedo
408 318 605 371 equidem.
662 317 755 366 Quo
782 320 899 357 sacra
911 323 1045 357 tamen
1059 319 1244 368 ritusque
1269 322 1502 368 peremptae

285 375 427 413 Gentis
456 376 497 409 et
522 374 564 409 in
592 371 781 409 tumulo
811 374 854 409 si
885 371 985 422 quid
1009 370 1113 410 male
1140 370 1252 408 foeta
1278 369 1440 421 reliquit

283 427 413 482 Mater
441 424 550 463 abire
571 423 718 475 jubes?
745 424 935 463 Thracen
961 424 1166 476 silvasque
1195 422 1397 476 Lycurgi?

232 482 256 518 i.
286 493 319 519 e.
351 491 435 530 quo
464 478 671 517 transferri
690 478 813 529 jubes
843 490 959 517 sacra
983 478 1167 530 ritusque
1184 481 1415 529 peremptae
1432 490 1499 516 ur·

231 532 295 571 bis
322 537 363 570 et
389 530 592 584 quidquid
616 531 873 587 reliquiarum
889 530 956 570 vel
971 531 1147 570 cinerum
1164 535 1352 581 superest
1378 532 1421 568 in
1438 536 1501 570 tu-

231 585 340 624 mulo
368 586 509 624 misere
537 586 739 624 extinctae
773 584 938 623 matris?
972 598 1069 623 num
1104 584 1157 629 ad
1190 583 1502 623 inimicissimam

232 639 351 678 nobis
377 639 562 691 gentem?

334 692 521 737 Oi-nerum
547 692 684 730 matris
713 691 920 742 aptissime
947 690 1190 728 mentionem
1202 691 1301 729 facit
1314 690 1501 730 Bacchus

233 745 286 783 ad
312 744 338 782 J
341 745 430 783 ovis
459 746 632 783 animum
660 742 975 795 permovendum
1002 742 1128 781 veluti
1168 743 1283 791 4,675
1321 746 1502 795 queritur

233 797 437 836 Bacchus:

390 850 614 902 Relliquias
643 849 761 888 etiam
788 849 985 900 fusaeque
1014 848 1247 899 sepulcrum

283 903 446 943 Pellicis
475 909 516 941 et
541 902 712 941 residem
737 902 849 953 ferro·
866 903 969 953 petit
986 901 1169 953 imqroba
1183 901 1351 941 Theben
1362 902 1501 954 (Juno)

234 956 356 995 idem:
385 957 422 1003 ¹7,
442 957 516 995 155
528 955 776 995 Excindisne
789 961 881 993 tuas
894 954 1032 993 divum
1049 959 1164 1005 pater
1180 957 1331 1006 optime
1339 955 1503 995 Thebas

285 1009 418 1052 Saeva
445 1009 547 1047 adeo
577 1008 759 1060 conjux?
788 1021 862 1046 nec
888 1012 928 1046 te
955 1007 1113 1046 telluris
1140 1013 1295 1046 amatae

286 1061 537 1115 Deceptique
579 1061 674 1102 laris
709 1063 870 1101 miseret
904 1061 1162 1113 cinerumque
1194 1073 1373 1101 meorum
1408 1064 1432 1103 i.
1471 1078 1502 1102 e.

232 1118 410 1155 cinerum
436 1128 547 1156 meae
574 1115 723 1154 matris.

287 1168 346 1216 10,
367 1168 417 1208 67
445 1169 634 1207 Mulieres
660 1168 832 1222 Argivae
859 1168 1052 1207 Iunonem
1080 1173 1317 1220 precantur:

284 1222 462 1274 Adspice
490 1223 707 1275 sacrilegas
735 1222 934 1261 Cadmeae
960 1222 1116 1274 pellicis
1145 1233 1260 1262 arces

285 1275 440 1315 Siderei
467 1276 606 1329 regina
633 1276 730 1327 poli,
757 1276 1036 1327 tumulumque
1063 1276 1248 1315 rebellem

285 1329 420 1367 Disice
448 1334 488 1367 et
514 1330 555 1367 in
583 1329 746 1368 Thebas
777 1329 900 1375 aliud,
926 1334 1056 1380 potes,
1085 1336 1239 1368 excute⁴
1257 1330 1405 1369 fulmen

288 1381 348 1429 10,
377 1382 453 1421 903
484 1382 695 1435 Capaneus
725 1382 841 1422 Jov-is
867 1387 1111 1434 potestatem
1138 1383 1328 1422 irridens:

285 1435 352 1474 Tu
380 1437 518 1487 potius
546 1438 698 1483 venias,
727 1436 817 1488 quis
848 1436 951 1474 enim
980 1450 1216 1476 concurrere
1242 1437 1362 1475 nobis

284 1488 477 1540 Dignior?
505 1489 579 1536 En,
605 1490 758 1528 cineres
787 1489 1046 1541 Semcleaque
1072 1491 1194 1528 busta
1221 1495 1419 1528 tenentur.

337 1542 460 1581 Hisce
489 1556 538 1581 ex
555 1543 657 1581 locis
674 1542 885 1581 verisimile
903 1547 977 1589 est,
1007 1543 1182 1582 cinerum
1199 1543 1375 1582 Semeles
1396 1556 1504 1581 men-

232 1595 380 1634 tionem
408 1596 555 1635 factam
582 1609 672 1636 esee
699 1598 741 1634 in
770 1598 953 1636 oratione
979 1596 1131 1636 Bacchi
1159 1604 1313 1649 patrem
1342 1611 1458 1636 suum
1482 1611 1506 1635 a

233 1649 402 1687 consilio
449 1650 753 1688 evertendarum
804 1650 1034 1688 Thebarum
1083 1663 1255 1689 avocare
1291 1651 1502 1702 cupientis.

234 1701 416 1740 Ceterum
446 1702 512 1741 vix
539 1707 611 1750 est,
639 1702 752 1754 quod
779 1715 904 1741 meam
929 1702 1247 1742 emendationem
1267 1704 1502 1755 palaeogra-

236 1755 368 1805 phicis
383 1756 610 1794 rationibus
626 1756 911 1793 commendem.
966 1756 1028 1793 De
1041 1758 1274 1796 accusativo
1292 1756 1502 1803 „Thracen

233 1808 462 1861 silvasque“
490 1808 583 1847 vide
611 1821 767 1848 excute.
797 1821 958 1860 gramm.

704 1925 821 1964 Theb.
853 1926 911 1970 10,
939 1926 1029 1965 525.

285 2023 339 2062 Hi
368 2021 546 2074 praefixa
573 2021 663 2060 solo
692 2020 847 2060 vellunt
871 2022 1100 2068 munimina,
1128 2026 1169 2060 at
1195 2022 1254 2060 illi

284 2077 496 2114 Por-tarum
527 2076 710 2126 objectus
737 2075 917 2113 lacerant
943 2082 983 2113 et
1009 2074 1136 2113 ferrea
1164 2075 1313 2114 sudaut

281 2128 474 2169 Claustra
500 2128 675 2168 remoliri
699 2128 964 2181 trabibusque
992 2134 1312 2169 arctatasonoro

285 2183 450 2222 Pelium:
477 2196 578 2227 saxa
603 2183 708 2221 loco.

271 2263 273 2265 -
330 2236 550 2280 'Exercitus
576 2236 816 2289 Argivorum
843 2235 900 2274 ad
928 2236 1145 2288 capiendas
1175 2237 1340 2278 Thebas
1372 2239 1501 2278 inten-

233 2294 299 2327 tus
328 2292 451 2329 variis
479 2289 612 2330 modis
639 2290 924 2342 impedimenta
943 2303 1147 2329 murorum
1177 2305 1367 2344 superare
1381 2305 1502 2332 eona-

233 2348 307 2383 tur.
363 2343 454 2392 Qua
480 2343 822 2395 indescription'e
848 2344 941 2381 eum
969 2347 1104 2383 cetera
1131 2345 1254 2397 plana
1289 2350 1328 2383 et
1363 2350 1503 2397 aperta

234 2398 325 2443 sint,
346 2396 500 2448 justam
526 2396 820 2436 dubitationem
848 2401 1012 2437 movent
1039 2397 1120 2438 illa.

485 2450 750 2502 trabibusque
776 2454 931 2497 aretata
958 2464 1108 2490 sonoro

284 2502 449 2541 Pellunt
473 2515 574 2542 saxa
600 2503 705 2542 loco.
