1678 2717
919 123 971 162 32

413 239 671 278 I'nfinitivi
700 239 924 290 perfecti
961 252 1051 290 pro
1082 241 1375 290 praesentis
1410 240 1579 277 infini-

308 294 407 332 tivo
438 294 675 344 usurpati
706 292 815 343 apud
847 292 1020 330 Statium
1062 293 1248 344 exempla
1289 292 1439 344 passim
1482 298 1578 331 sunt

308 347 440 390 obvia,
476 346 517 384 in
546 348 694 397 quibus
724 357 965 396 quamquam
996 344 1166 383 duorum
1194 345 1480 385 infinitivorum
1519 352 1581 383 est

307 399 508 437 interdum
535 404 616 436 tam
645 404 764 436 tenue
793 398 1017 443 discrimen,
1060 402 1106 436 ut
1134 399 1257 436 aciem
1295 401 1437 437 mentis
1461 397 1581 436 facile

309 451 483 504 effugiat,
512 456 644 489 tamen
671 451 775 489 falsa
804 456 866 489 est
894 464 1032 489 eorum
1061 452 1200 501 opinio
1229 452 1297 502 qui
1325 452 1479 490 nullum
1497 450 1579 489 dis-

309 507 457 544 crimen
485 504 731 543 intercedere
758 504 904 543 volunt
939 506 1044 542 inter
1069 503 1309 542 infinitivum
1337 504 1505 555 perfecti
1543 509 1582 542 et

308 558 610 609 praesentis¹⁹).
664 556 871 595 Interdum
899 557 1000 594 ratio
1030 561 1093 594 est
1119 554 1231 600 haec,
1260 561 1306 593 ut
1336 557 1440 594 actio
1468 557 1579 595 verbi

309 616 348 649 et
376 610 429 649 ad
457 623 649 662 praesens
678 616 716 647 et
757 609 809 647 ad
852 610 1073 660 perfectum
1115 614 1273 660 tempus
1316 622 1447 660 aequo
1488 610 1580 660 jure

309 663 446 701 referri
477 665 622 713 possit,
660 662 732 700 sed
761 665 801 699 in
830 661 1036 699 nonnullis
1064 662 1165 699 locis
1194 662 1380 712 primaria
1415 658 1581 712 perfecti

310 717 370 753 vis
400 714 540 760 elucet,
569 715 680 752 velut
709 716 758 751 in
787 715 955 751 verbis
985 714 1174 759 ,‚velle‚
1203 720 1416 765 cupere“
1445 720 1492 751 et
1520 716 1581 751 si-

308 767 517 805 milibus
547 767 632 805 ubi
662 766 931 818 perfectum
962 767 1225 818 significat
1255 765 1438 804 ardens
1456 766 1580 804 desi-

311 821 499 858 derium
530 822 735 864 mentis,
778 832 877 869 quo
907 833 1002 856 rem
1032 824 1254 869 optatam
1298 819 1444 868 quasi
1480 819 1580 869 jam

310 872 568 922 expletam
600 872 748 909 nobis
777 872 1025 922 fingimus

362 924 492 964 Theb.
522 922 559 968 8,
589 924 678 962 615.
708 923 836 962 Nutat
864 929 1036 975 utroque
1073 924 1203 968 timor,
1252 936 1461 974 quemnam
1503 924 1582 961 hoc

1074 976 1287 1013 certamine
1316 976 1463 1014 victum

695 1027 824 1076 Quem
852 1030 999 1067 vicisse
1026 1028 1162 1067 velint.

370 1086 399 1129 l,
430 1084 492 1122 86.
751 1081 818 1119 Da
844 1081 1027 1119 Tartarei
1055 1084 1194 1133 regina
1223 1082 1402 1120 barathri

503 1135 625 1183 Quod
655 1136 814 1185 cupiam
842 1135 995 1173 vidisse
1022 1134 1136 1172 nefas

365 1189 465 1226 Ach.
497 1188 532 1234 2,
561 1187 624 1227 80.
653 1187 892 1237 Avidusque
920 1200 1051 1226 novos
1078 1186 1225 1225 heroas
1253 1192 1293 1225 et
1320 1200 1428 1225 arma

644 1239 721 1277 Vel
749 1239 843 1277 talis
873 1240 1022 1279 vidisse
1050 1240 1172 1290 cupit.

365 1292 493 1331 Theb.
528 1292 587 1338 12,
620 1292 705 1330 115.
738 1292 886 1331 Dircen
914 1292 1170 1344 infaustaque
1200 1293 1337 1331 Cadmi

566 1345 727 1384 Moenia
754 1345 1002 1396 posthabitis
1016 1345 1114 1384 velit
1142 1346 1358 1384 incoluisse
1384 1346 1580 1397 Mycenis

369 1399 417 1438 cf.
449 1398 485 1444 8,
514 1396 603 1437 720.
638 1397 697 1443 10,
728 1397 790 1437 72.
849 1398 1038 1436 Similiter
1066 1397 1169 1436 dixit
1197 1397 1324 1436 Theb.
1359 1399 1391 1444 1,
1419 1398 1508 1438 321.

410 1450 412 1452 ’
1075 1457 1114 1488 et
1144 1450 1296 1489 sedisse
1324 1451 1524 1501 superbus

621 1503 790 1553 Dejecto
813 1503 897 1554 jam
924 1502 1046 1542 fratre
1074 1509 1200 1554 putat.

365 1557 401 1603 6,
429 1556 518 1594 440.
642 1555 829 1606 Speravit
855 1555 982 1593 flexae
1011 1558 1159 1594 circum
1188 1557 1427 1607 compendia
1454 1563 1582 1595 metae

618 1608 791 1646 Interius
821 1607 953 1646 ductis
980 1608 1190 1648 Phoebius
1219 1614 1361 1647 auctor
1387 1609 1555 1648 habenis

616 1661 871 1711 Anticipasse
900 1662 1015 1700 viam.

420 1716 624 1763 Semper
669 1718 885 1763 usurpat
935 1713 1134 1751 Statius
1190 1715 1470 1764 perfectum
1534 1716 1581 1752 in

312 1767 360 1804 in
390 1766 502 1811 „fas
530 1765 753 1803 dixisse“
781 1764 840 1803 de
878 1778 950 1812 eo,
997 1766 1133 1817 quod
1172 1779 1346 1805 revera
1381 1766 1581 1818 *eloqui-

313 1826 410 1857 tur:
441 1818 539 1857 Aah.
578 1822 612 1866 2,
641 1823 717 1857 229
756 1818 842 1858 silv.
873 1824 910 1863 2,
942 1826 974 1865 1,
1004 1824 1093 1859 82.·
1138 1823 1171 1866 5,
1208 1825 1240 1867 3,
1277 1825 1353 1859 265
1394 1820 1443 1858 cf.
1479 1819 1579 1859 Aah.

315 1879 347 1918 1,
379 1876 439 1910 74.
497 1871 622 1909 Aliter
649 1871 811 1909 Persius
842 1871 927 1911 Sat.
961 1876 993 1918 1,
1023 1877 1044 1908 8
1076 1872 1108 1908 si
1142 1871 1204 1910 fas
1245 1872 1399 1910 dicere“
1442 1873 1491 1911 de
1533 1886 1581 1911 eo

401 2031 441 2071 ¹⁸)
465 2030 503 2062 ef.
528 2031 731 2062 Perizonium
763 2036 794 2062 et
816 2030 931 2062 Bauer.
955 2029 996 2061 ad
1026 2030 1134 2063 Sanct.
1163 2030 1242 2062 Min.
1269 2032 1296 2069 1,
1322 2032 1369 2065 14.
1400 2042 1431 2074 p.
1463 2031 1523 2064 133
1551 2037 1584 2063 et

314 2074 381 2106 135.
418 2073 577 2105 Vechneri
605 2073 763 2106 Hellenol.
793 2084 822 2115 p.
853 2072 918 2103 244
946 2082 1017 2113 sqq.
1052 2071 1214 2115 Heusing.
1238 2074 1279 2105 ad
1307 2073 1372 2107 Cic.
1401 2074 1456 2105 off.
1479 2073 1581 2116 praef.

311 2127 340 2157 p.
365 2116 416 2148 62.
461 2115 580 2147 Melius
602 2115 714 2157 Reisig
746 2116 765 2155 §
789 2114 1022 2147 290interdum
1042 2120 1176 2156 propter
1197 2116 1345 2147 metricas
1369 2116 1511 2147 rationes
1534 2116 1581 2146 in-

311 2157 463 2189 finitivum
487 2157 569 2199 perf.
593 2168 652 2200 pro
675 2157 837 2199 praesenti
852 2156 937 2198 apud
955 2162 1069 2198 poetas
1087 2157 1234 2199 usurpari
1249 2158 1301 2190 ait.
1325 2157 1450 2191 walch.
1474 2167 1582 2189 emen-

311 2200 389 2231 datt.
411 2199 531 2232 Livian.
555 2211 585 2242 p.
610 2199 660 2232 50.
684 2199 786 2232 Kritz.
811 2199 851 2231 ad
873 2198 950 2230 Sall.
972 2198 1047 2240 Jug.
1072 2198 1124 2237 31,
1153 2199 1204 2232 27.
1227 2199 1364 2239 „Obiter
1384 2205 1491 2232 tamen
1512 2210 1582 2231 mo—

312 2251 386 2279 neo,
415 2242 507 2273 ulium
531 2252 605 2273 esse
627 2242 711 2283 apud
734 2246 848 2283 poetas
878 2240 1021 2272 infinitivi
1043 2241 1123 2282 perf.
1148 2251 1252 2279 usum,
1286 2252 1370 2283 quos
1397 2241 1469 2275 sola
1489 2242 1581 2273 metri

312 2282 459 2323 dactylici
481 2283 574 2320 ratio,
597 2284 715 2325 quippe
738 2283 787 2314 cui
811 2283 982 2314 multorum
1004 2282 1177 2314 verborum
1205 2283 1347 2315 infinitivi
1364 2293 1460 2326 praes
1485 2284 1581 2326 plane

311 2334 377 2355 non
400 2324 544 2366 adaptari
567 2330 695 2365 queunt,
711 2324 893 2396 gei-fectum
916 2335 1039 2366 ponere
1061 2325 1156 2367 cogit.

397 2366 450 2398 Fr.
474 2366 689 2397 Bellermanni
743 2367 843 2399 issent
869 2368 909 2398 de
931 2376 1031 2400 vei-ss.
1056 2366 1219 2397 nonnullis
1233 2366 1350 2398 Tibulli
1370 2367 1474 2400 Jeme
1498 2366 1580 2400 1809

314 2408 429 2439 editam
451 2418 473 2449 p
507 2410 555 2441 21.
601 2406 699 2439 Hans.
723 2407 762 2438 ad
784 2407 914 2450 Reisigii
938 2419 1067 2451 gramm.
1093 2413 1150 2438 not
1181 2407 1253 2440 453.
