1678 2717
768 151 815 191 13

218 271 262 312 Si
289 275 369 310 tam
413 268 516 306 dura
550 266 728 318 placent,
764 267 965 306 hominem
999 267 1123 319 gemis
1151 292 1203 298 —
1230 268 1295 307 hei
1323 267 1431 314 mihi,

217 377 310 426 Ipse
335 374 444 412 faces
471 395 524 402 -—
550 372 763 420 hominem,
790 373 892 412 Urse
919 321 1052 415 {iiiiiiio

272 447 477 500 Scriptum
506 452 569 486 est
596 461 753 486 carmen
779 448 820 486 in
848 448 1168 487 consolationem
1195 448 1321 488 Flavii
1338 448 1430 487 Ursi

165 502 280 539 obitu
317 504 433 552 pueri
473 501 631 540 delicati
667 500 880 539 admodum
916 500 1101 548 dolentis,
1163 501 1242 540 Sed
1271 502 1429 553 justum

164 566 255 592 esse
283 553 464 592 dolorem
492 553 604 592 illum
631 552 845 592 identidem
874 553 1076 593 affirmans
1103 559 1226 607 poeta
1261 554 1429 593 amicum

163 606 402 659 alloquitur-3

918 673 968 697 ne
996 661 1210 712 comprime
1238 659 1356 697 fletus

214 712 276 759 Ne
304 712 473 764 pudeat3
502 719 662 764 rumpat
685 710 821 750 frenos
852 712 971 751 dolor
998 713 1075 751 iste

164 799 269 837 quae
303 786 387 838 jam
427 790 652 838 sequuntur
685 785 877 837 „deisque
915 785 949 823 si
985 790 1065 823 tam
1101 785 1202 824 dura
1245 785 1430 837 placenv‘

162 852 251 878 cum
292 852 439 880 nexum
482 839 766 878 sententiarum
810 843 894 877 tum
934 843 1176 879 structuram
1219 838 1433 878 verborum

160 905 331 943 prorsus
359 897 606 944 pervertunt,
636 892 687 931 de
715 892 861 943 quibus
891 891 1051 931 Gevart.
1079 892 1223 942 Papin.
1252 891 1361 937 Lect‚
1380 890 1432 936 II,

165 949 211 982 15
253 944 354 984 haec
380 950 515 984 n'otatz
555 944 646 996 Ego
688 945 837 982 recenti
879 944 1111 995 parenthesi
1152 943 1258 982 malo
1300 943 1433 981 dicere

160 998 420 1049 aposiopesin
446 998 512 1036 hic
539 997 673 1036 latere.
729 996 875 1034 Incitat
904 999 1007 1035 enim
1035 996 1182 1035 Ursum
1211 995 1265 1034 ad
1291 995 1431 1034 dolen-

160 1050 252 1088 dum
281 1050 547 1101 hortaturque
575 1054 621 1088 ut
647 1049 783 1087 frenos
813 1049 946 1087 dolori
974 1049 1085 1087 laxet
1112 1054 1152 1087 et
1173 1048 1285 1086 Deos
1314 1060 1429 1086 accu-

161 1107 234 1147 set,
278 1103 391 1154 quod
434 1115 602 1154 puerum
653 1102 852 1154 egregium
895 1101 998 1140 adeo
1045 1102 1255 1140 immatura
1301 1106 1430 1139 morte

164 1155 414 1195 abstulerint.
442 1156 584 1208 Itaque
609 1168 697 1194 cum
719 1157 774 1193 ait
793 1156 1014 1207 „Deisque“
1031 1154 1203 1194 subaudi
1223 1154 1427 1200 „convicia

158 1208 334 1247 inferas“
363 1214 434 1247 aut
462 1208 560 1260 quid
588 1207 724 1246 simile.
781 1208 860 1245 Vel
887 1208 974 1260 lege
1001 1208 1191 1260 Deosque

593 1264 755 1312 rumpat
780 1260 918 1300 frenos
946 1260 1064 1299 dolor
1089 1261 1167 1299 iste
1195 1259 1376 1311 deosque

213 1313 258 1351 Si
286 1318 368 1352 tam
395 1313 497 1351 dura
522 1314 697 1366 placent,

264 1364 376 1404 Deos
404 1379 541 1413 rumpe
567 1365 612 1404 id
628 1370 691 1404 est
719 1366 910 1411 „deorum
925 1365 1113 1404 invidiam
1130 1369 1351 1410 contemne,
1367 1364 1433 1401 vel

159 1417 316 1457 fortiter
358 1417 504 1458 feras.“
584 1418 696 1458 Haec
738 1418 917 1458 refellere
953 1431 1099 1470 operae
1138 1419 1313 1470 pretium
1347 1430 1431 1456 non

163 1475 236 1516 est,
266 1484 508 1524 quamquam
534 1471 681 1511 refellit
705 1472 970 1511 Marklandus
998 1484 1040 1523 p.
1069 1470 1159 1510 243.

210 1523 305 1576 Ipse
324 1525 596 1578 conjecturam
617 1525 871 1565 commendat
889 1524 1102 1570 Grnnnvii,
1133 1526 1203 1576 qui
1239 1522 1379 1563 scribit

600 1584 763 1630 rumpat
787 1578 926 1617 frenos
955 1577 1075 1617 dolor
1102 1580 1179 1616 iste
1208 1576 1371 1625 (Deisne

211 1630 291 1669 Hei
320 1634 402 1669 tam
430 1630 531 1670 dura
557 1630 732 1682 placent)

159 1687 201 1722 et
225 1682 327 1722 haec
354 1683 525 1722 adnotat
549 1683 677 1723 Diatr.
708 1684 805 1734 Cap.
834 1683 945 1722 XXI.
963 1698 990 1736 p
1021 1683 1116 1722 202:
1149 1683 1338 1728 „Summa
1364 1694 1429 1720 ars

158 1735 483 1774 excellentissimi
491 1740 636 1788 poetae
645 1746 720 1783 est,
729 1736 841 1788 quod
851 1737 1043 1789 periodos
1059 1735 1201 1776 breves
1214 1736 1328 1776 velut
1349 1738 1430 1773 sin-

158 1787 339 1841 gultibus
367 1790 650 1840 interstinguit.
697 1789 793 1834 ‚,Ei“
820 1791 862 1828 in
890 1790 977 1828 vitt.
1004 1789 1093 1828 libr.
1123 1791 1316 1842 scriptum
1343 1788 1429 1827 fue-

158 1845 231 1889 rat,
257 1845 304 1880 ut
332 1842 486 1880 assolet
514 1842 643 1888 „Hei“
670 1842 714 1881 id
738 1843 781 1881 in
809 1843 904 1889 „Si“
933 1841 1226 1894 degeneravit.“

263 1903 463 1957 Equidem
490 1917 641 1953 vereor,
669 1919 720 1945 ne
746 1905 864 1945 nimis
892 1905 1093 1958 frequenti
1119 1919 1199 1945 usu
1213 1905 1428 1958 parenthe-

158 1970 250 1997 seos
278 1970 344 1996 ars
370 1958 452 2005 illa,
482 1971 603 2010 quam
623 1972 814 1998 summam
841 1965 959 2011 putat
972 1959 1216 2005 Gronovius,
1243 1958 1429 1998 funditus

159 2010 328 2050 tollatur
362 2024 385 2048 e
412 2024 595 2050 sermone
621 2012 797 2063 poetico,
831 2025 923 2051 nam
953 2012 1003 2050 de
1030 2014 1124 2064 ipsa
1151 2011 1313 2064 quidem
1341 2024 1430 2051 sen-

159 2065 287 2102 tentia
315 2063 494 2105 Gronov.
524 2064 824 2106 emendationis,
862 2078 966 2118 quae
992 2065 1105 2104 nullo
1133 2070 1255 2117 pacto
1281 2065 1429 2118 proba-

163 2117 257 2155 bilis
285 2117 447 2156 videtur
472 2131 559 2157 non
595 2131 699 2170 opus
735 2124 797 2157 est
832 2119 952 2170 plura
990 2119 1132 2157 dicere.
1205 2119 1430 2169 Bentlejum

158 2170 367 2208 miraberis
430 2170 635 2223 vulgatam
688 2171 901 2211 lectionem
954 2171 1169 2211 defendere
1224 2171 1277 2211 ad
1330 2170 1428 2210 Hor.

164 2221 292 2269 Serm,
321 2228 358 2270 2,
388 2228 424 2270 7,
453 2228 501 2263 83
531 2223 595 2263 his
625 2224 868 2273 „Famulum‚
890 2226 1033 2278 iuquit,
1057 2227 1195 2278 gemis,
1214 2225 1286 2265 sed
1308 2226 1430 2276 pium.

159 2276 233 2314 sed
258 2281 391 2316 mente
417 2280 645 2330 ingenuum.
700 2278 802 2317 Esto
812 2279 941 2331 igitur
967 2279 1165 2327 famulus3
1195 2280 1245 2329 (si
1263 2277 1429 2328 deisque

158 2333 239 2367 tam
286 2329 389 2369 dura
414 2331 579 2382 placent
618 2331 658 2370 h.
689 2344 721 2369 e.
758 2338 803 2370 ut
827 2336 907 2369 tam
942 2331 1118 2371 liberalis
1152 2344 1254 2383 puer
1278 2329 1428 2369 indolis

159 2382 223 2422 vel
262 2384 456 2423 nascendi
498 2384 731 2424 conditione
770 2384 836 2424 vel
883 2385 1130 2437 captivitatis
1175 2388 1286 2423 sorte
1325 2383 1432 2422 foret

159 2436 312 2486 servus)
340 2441 381 2474 at
409 2437 609 2476 hominem
627 2438 769 2489 gemis:
800 2438 897 2491 quid
914 2438 978 2477 hic
992 2436 1254 2490 pudendum?
1277 2441 1429 2490 quanto
