1678 2717
235 956 369 1022 Duas
425 989 532 1020 esse
578 974 701 1019 volui
753 973 883 1018 huius
945 973 1289 1035 scriptiunculae
1342 980 1512 1035 partes,

237 1060 421 1104 alteram
467 1059 684 1114 criticam,
736 1059 920 1103 alteram
963 1059 1303 1118 grammaticam.
1364 1059 1514 1117 Atque

237 1142 297 1188 ad
341 1143 463 1190 illam
498 1142 670 1203 quidem
712 1143 973 1189 accessisse
1014 1157 1083 1187 me
1117 1143 1246 1207 novis
1296 1141 1512 1188 subsidiis

236 1229 403 1274 criticis
456 1209 714 1273 destitutum
763 1227 1001 1289 professus
1051 1242 1138 1272 non
1188 1227 1346 1287 ignoro
1398 1228 1512 1283 fore,

231 1314 393 1375 *quibus
427 1313 514 1357 hoc
548 1313 779 1357 consilium
811 1313 887 1357 vel
920 1319 1086 1357 temere
1119 1312 1195 1357 vel
1228 1312 1356 1357 nimis
1402 1327 1513 1358 con-

238 1396 427 1443 fidenter
460 1397 645 1460 cepisse
672 1395 845 1443 videar.
915 1396 1106 1450 Quorum
1139 1397 1184 1442 in
1218 1412 1287 1442 me
1319 1397 1414 1443 inre
1433 1412 1514 1443 ca-

238 1470 367 1528 deret
399 1481 708 1543 reprehensio,
744 1481 784 1526 si
816 1482 987 1527 omnino
1023 1481 1070 1526 id
1103 1482 1206 1527 mihi
1247 1483 1515 1546 proposuis-

237 1581 355 1621 sem,
390 1564 438 1610 ut
469 1559 676 1627 librorum
705 1582 811 1613 mss.
846 1572 1027 1624 secutus
1062 1567 1388 1623 auctoritatem,
1415 1565 1513 1612 dis-

237 1630 521 1715 crepantibus
561 1638 793 1712 scripturis
838 1649 1078 1710 diligenter
1119 1652 1408 1708 examinatis,
1443 1653 1516 1717 hic

236 1735 331 1798 illic
366 1735 515 1781 Statio
552 1715 849 1803 restituerem,
877 1733 996 1795 quod
1018 1735 1157 1782 Statii
1194 1751 1302 1782 esse
1334 1735 1515 1783 videre-

236 1805 325 1875 tur,
355 1802 469 1865 nunc
496 1836 590 1866 cum
622 1827 805 1882 propter
833 1819 1045 1882 inopiam.
1062 1818 1361 1866 subsidiorum
1391 1820 1515 1867 eriti-

238 1919 386 1950 corum
418 1906 504 1950 hac
537 1905 614 1950 via
646 1903 824 1964 ingredi
866 1904 969 1949 mihi
1001 1919 1089 1949 non
1122 1905 1262 1950 licere
1302 1905 1514 1961 viderem,

238 1987 387 2034 statim
429 1990 486 2034 ab
524 1989 648 2034 initio
688 1990 733 2033 in
782 1989 1084 2048 quaestionem
1130 2003 1299 2034 vocare
1346 1977 1515 2035 institui

236 2073 365 2119 locos
400 2088 497 2130 eos,
530 2073 574 2117 in
611 2073 766 2133 quibus
800 2072 924 2117 nihili
958 2087 1065 2118 esse
1098 2073 1308 2118 librorum
1349 2089 1515 2120 memo-

235 2158 344 2204 riam
374 2163 627 2222 appareret,
663 2158 735 2219 qui
767 2158 925 2219 partim
948 2144 978 2202 a
998 2156 1108 2203 viris
1137 2156 1288 2205 doctis
1316 2161 1517 2222 temptati

240 2251 356 2302 sunt,
391 2243 476 2290 sed
504 2260 656 2306 parum
689 2244 897 2300 feliciter,
938 2244 1095 2305 partim
1136 2259 1271 2301 vero,
1309 2244 1357 2291 id
1399 2245 1518 2305 quod

235 2328 384 2374 mirum
409 2327 562 2375 videri
596 2327 730 2375 debet
745 2363 757 2386 ,
795 2335 1012 2387 tamquam
1055 2327 1190 2390 plane
1230 2328 1394 2389 integri
1435 2344 1518 2391 per

237 2428 389 2459 omnes
432 2412 653 2460 editiones
707 2415 1009 2474 migraverunt
1052 2428 1107 2459 ac
1156 2429 1237 2474 pro
1293 2412 1516 2460 Statianis

240 2497 460 2544 venditati
494 2504 622 2556 sunt,
651 2513 745 2545 cum
793 2513 953 2559 magno
1002 2498 1119 2544 vitio
1170 2498 1258 2545 sint
1295 2498 1519 2559 inquinati.
