1678 2717
895 116 942 155 16

393 232 612 272 Sententia.
643 244 747 283 quae
775 232 946 272 efficitur
975 233 1255 273 emendatione
1291 232 1432 272 Markl‘.
1470 246 1559 272 cum

287 287 450 323 omnino
494 284 687 336 languida
722 285 785 330 sit,
824 289 908 322 tum
945 286 987 321 in
1023 298 1087 323 eo.
1109 286 1323 332 claudicat,
1362 285 1486 337 quod,
1525 287 1560 324 si

285 351 433 378 veros
460 338 582 376 nidos
611 337 743 375 dicere
771 337 968 376 voluisset
981 343 1115 388 poeta,
1145 338 1262 379 aliam
1290 341 1430 392 potius
1447 351 1559 378 avem

283 393 328 430 in
368 393 709 442 comparationem
749 391 1005 429 adduxisset.
1086 391 1206 431 Nunc
1242 393 1285 431 in
1325 393 1559 445 Halcyones

283 447 488 482 mentione
525 443 729 494 singulare
765 443 863 494 quid
897 447 1192 493 exspectamus.
1274 445 1452 484 Proinde
1489 446 1559 485 vix

285 496 439 544 dubito,
470 498 567 548 quin
597 495 790 546 scriptum
812 496 1023 548 ‘reliquerit
1049 501 1198 548 poeta:

983 548 1079 587 Non
1107 551 1165 588 sic
1193 548 1411 588 Trachinia
1436 550 1558 589 nidos

337 601 550 653 Halcyone
577 601 846 646 hibernos,
873 614 957 638 non
985 603 1043 639 sic
1061 601 1286 640 Philomela
1314 605 1480 653 penates

339 653 492 693 Circuit
520 653 782 704 ampleotenS.

389 706 489 745 Vox
517 705 761 752 ,‚hibernos“
816 711 980 745 exarata
1014 706 1103 751 fuit,
1158 711 1205 746 ut
1243 706 1359 754 solet,
1412 706 1556 752 litteris

285 759 494 803 .,ibernos“
522 759 590 797 vel
615 760 826 804 „iuernos“
854 759 968 808 quod
995 760 1061 797 vel
1075 760 1271 797 ductuum
1297 759 1557 801 similitudine

285 811 349 849 vel
394 812 553 850 inscitia
592 810 755 852 librarii.
801 812 871 861 qui
911 810 1073 849 fabulae
1112 810 1345 864 Halcyones
1389 812 1555 863 ignarus

285 865 384 914 quid
414 865 607 902 hibernus
647 864 770 902 nidus
798 864 874 904 sibi
907 864 1025 901 vellet
1052 877 1136 902 non
1163 864 1373 910 intellexit,
1414 877 1552 905 corru-

286 926 399 971 ptum
429 922 490 955 est
520 918 563 953 in
592 921 806 961 „uernos“.

758 1107 944 1179 Pars
987 1114 1086 1179 Π.

675 1241 873 1279 Excursus
900 1240 1154 1289 grammatici.

388 1315 522 1354 Locus
558 1313 609 1352 de
637 1326 721 1365 quo
758 1325 882 1364 supra
910 1312 1164 1351 commentati
1192 1325 1330 1351 sumus
1359 1311 1487 1352 Theb.
1518 1318 1551 1360 7,

282 1376 299 1407 1
307 1374 327 1407 7
335 1373 356 1407 6
400 1380 540 1406 ansam
584 1366 656 1404 dat
695 1366 814 1404 nobis
851 1365 1074 1404 disserendi
1103 1365 1300 1417 quaedam
1317 1365 1380 1405 ,(16
1407 1379 1485 1405 usu
1512 1371 1552 1404 et

276 1426 481 1460 structura
501 1420 717 1458 verborum
732 1431 821 1456 cum
835 1418 1066 1456 nominibus
1075 1418 1310 1470 junctorum
1325 1419 1549 1459 observata.

279 1474 335 1514 Ut
376 1474 498 1537 igitur
542 1471 637 1511 inde
679 1471 893 1519 ordiamur,
941 1471 1050 1510 unde
1091 1470 1214 1523 hujus
1260 1471 1549 1524 disputationis

277 1540 438 1567 occasio
480 1526 601 1564 nobis
636 1524 745 1562 facta
773 1529 846 1571 est,
873 1537 893 1561 s
904 1524 981 1561 ole
992 1537 1017 1561 n
1030 1528 1049 1561 t
1075 1536 1192 1575 saep
1203 1537 1224 1562 e
1252 1537 1279 1575 p
1291 1530 1454 1571 oetae,
1488 1526 1548 1563 in-

272 1579 383 1619 terd
395 1592 468 1617 um
503 1579 652 1616 etiam
694 1577 901 1615 solutae
939 1578 1107 1614 oratio
1120 1578 1200 1614 nis
1244 1577 1547 1629 scriptores,

272 1638 322 1672 in
349 1632 522 1671 verbis
567 1635 752 1669 motum
788 1642 968 1669 versus
1008 1629 1231 1682 aliquem
1268 1628 1435 1670 locum
1463 1644 1548 1670 ex-

271 1684 629 1738 primentibus,
657 1683 792 1722 nudo
810 1682 1101 1721 accusativo
1129 1683 1205 1721 uti
1232 1695 1324 1733 pro
1340 1696 1393 1722 ac
1405 1696 1547 1723 cusa—

272 1740 500 1779 tivocum
515 1749 702 1791 praepo
716 1736 1015 1780 sitionibus,
1029 1735 1097 1782 in,
1114 1735 1194 1783 ad,
1210 1736 1460 1789 conjunct
1472 1737 1545 1787 0⁴).

273 1793 402 1841 Quem
443 1804 562 1829 usum
609 1803 693 1828 non
733 1789 878 1840 injuria
919 1788 1067 1828 dixeris
1103 1801 1193 1828 esse
1227 1791 1548 1829 vetustissimum

271 1844 505 1884 accusativi.
560 1842 616 1880 Et
650 1843 819 1880 maxime
855 1840 1016 1894 quidem
1043 1841 1197 1880 usitata
1223 1847 1287 1880 est
1313 1842 1415 1881 haec
1442 1844 1545 1890 ratio

269 1896 465 1951 loquendi
493 1893 535 1933 in
549 1895 780 1933 nominibus
795 1895 974 1947 propriis
989 1894 1191 1946 regionem
1217 1894 1269 1934 ah·
1300 1908 1394 1934 uam
1422 1897 1544 1949 signi-

273 1951 500 1994 ficantibus,
543 1954 629 1986 tum
669 1949 711 1985 in
745 1948 1023 1994 substantivis,
1057 1951 1144 1985 tum
1177 1950 1220 1985 in
1248 1908 1462 1999 adjectivis
1493 1949 1546 1987 ad

270 2016 416 2045 nomen
459 2000 750 2053 appellativum
795 1999 1091 2039 accedentibus.
1146 2000 1350 2053 Persaepe
1378 2003 1496 2041 etiam
1522 2015 1547 2040 a

268 2060 430 2099 nomine
456 2054 568 2094 urbis
596 2054 661 2095 vel
688 2054 947 2107 praecedenti
980 2052 1044 2095 vel
1082 2054 1347 2106 subsequenti
1382 2054 1544 2096 absolu-

269 2120 335 2152 tus
363 2110 621 2149 accusativus
651 2108 702 2146 ad
717 2108 796 2147 alia
813 2111 977 2147 nomina
1006 2106 1166 2147 videtur
1193 2108 1413 2148 translatus
1442 2122 1542 2148 esse.

348 2284 378 2326 ⁴)
400 2283 568 2317 Nonnulla
587 2285 681 2328 hujus
703 2285 832 2328 generis
843 2285 992 2328 exempla
1013 2296 1054 2317 ex
1077 2285 1146 2318 alii·
1159 2286 1266 2328 poeti·
1275 2286 1406 2330 collegit
1416 2286 1538 2321 Ruddi-

265 2336 401 2358 mannus
424 2325 458 2359 in
486 2327 675 2361 institution.
701 2337 832 2371 gramm.
856 2327 975 2363 latinae
996 2327 1037 2362 11.
1065 2338 1098 2370 p.
1119 2327 1182 2361 284
1209 2333 1279 2363 not.
1300 2327 1343 2362 38
1387 2333 1534 2363 ractores

264 2367 303 2401 cf.
328 2367 393 2401 Cic.
416 2369 478 2413 leg.
502 2369 591 2403 Man.
617 2370 655 2403 12
679 2369 756 2403 Inde
777 2369 957 2402 Sardiniam
979 2371 1050 2403 eum
1072 2370 1176 2403 classe
1198 2371 1294 2405 venit.
1373 2381 1423 2415 ep.
1446 2372 1477 2411 4,
1499 2371 1534 2411 ²,

266 2412 280 2442 1
305 2409 499 2443 Pausaniam
522 2423 592 2445 cum
616 2413 720 2445 classe
748 2412 889 2453 Cyprum
915 2417 1011 2454 atque
1032 2412 1279 2455 Hellespontum
1302 2413 1468 2453 minorant.
