1678 2717
843 190 867 229 3

213 309 337 357 ‘dierit
364 308 513 347 nescio.
567 306 676 346 Illud
704 318 799 347 vero
826 321 983 355 moneo,
1021 322 1046 346 a
1073 312 1216 359 poetae
1244 321 1364 347 manu
1391 323 1487 361 pro-

220 362 380 403 fectum·
411 372 498 401 esse
528 359 719 407 „Centum
756 361 815 400 illi
843 366 997 401 stantes
1037 361 1277 400 umbrabant
1312 376 1383 400 ora
1423 376 1492 404 ce-.
1552 407 1558 409 Δ

219 419 389 456 rastae.“
446 413 610 453 Stantes
638 414 661 461 i.
691 427 724 454 e.
752 414 885 467 rigidi,
921 417 1042 454 erecti
1070 427 1235 466 angues,
1276 428 1355 466 qua
1391 418 1486 454 ima-

220 467 865 567 gui-S‘fflssgogtailfignggtffilgagglllgls.
887 468 1219 566 fflnmffilssnuua
1242 525 1486 573 assurgenti-

981 574 1059 611 bus
1088 573 1232 625 hydris

727 625 922 666 Terrebit.

272 680 401 726 Theb,
430 680 466 728 8,
495 680 571 718 763
829 680 952 726 Stetit
979 693 1124 733 aspera
1153 679 1290 732 Gorgo

273 733 459 771 Crinibus
484 733 644 771 ,emissis
671 734 851 785 rectique
878 738 971 772 ante
999 746 1071 772 ora
1099 738 1278 771 cerastae

272 785 470 825 Velavere
499 785 623 826 deam.
653 785 704 826 cf.
738 785 797 834 12,
812 785 903 828 609.
933 786 971 833 8,
991 786 1080 827 519.

691 902 806 943 Theb.
864 904 898 948 2,
929 902 1017 942 630.

324 997 524 1048 Loquitur
558 1004 681 1050 poeta
715 999 765 1037 de
801 1003 929 1038 morte
964 999 1132 1038 fratrum
1160 998 1494 1049 Thespiadarum‚

221 1049 291 1101 qui
319 1055 433 1088 erant
459 1051 501 1089 in
528 1064 694 1091 numero
724 1065 872 1100 eorum,
900 1065 1005 1105 quos
1034 1052 1135 1090 clam
1163 1051 1327 1090 miserat
1371 1050 1493 1089 Eteo-

220 1102 300 1141 cles
328 1116 411 1149 rex,
440 1109 486 1143 ut
495 1104 681 1158 Tydeum
706 1106 881 1159 legatum
908 1119 951 1145 re
978 1105 1126 1144 infecta
1153 1104 1287 1159 Argos
1316 1117 1492 1144 remean-

220 1161 298 1195 tem
326 1170 377 1197 ex
403 1158 561 1197 insidiis
588 1163 798 1199 nocturnis
827 1163 1109 1199 interimerent.
1166 1159 1313 1198 Saucio
1328 1160 1492 1211 jamque

218 1208 370 1249 labenti
406 1210 520 1250 fratri
555 1213 744 1252 subvenit
770 1213 967 1266 Periphas
997 1226 1044 1252 ac
1080 1212 1308 1251 moribundi
1342 1224 1493 1263 corpus

218 1265 404 1304 manibus
432 1265 683 1318 amplectitur
711 1281 801 1306 cum

871 1321 1020 1368 „multa
1047 1320 1219 1372 gementi

270 1371 385 1411 Pone
411 1375 546 1425 gravis
575 1383 720 1413 curvas
748 1373 963 1427 perstingit
989 1374 1128 1413 lancea
1154 1377 1291 1411 costas

270 1424 367 1464 Exit
395 1430 435 1465 et
462 1429 504 1466 in
530 1427 693 1466 fratrem
723 1434 975 1480 cognataque
1001 1433 1171 1479 pectora
1197 1426 1280 1464 telo

274 1478 496 1518 Conserit“.

324 1531 472 1571 Rerum
502 1532 662 1585 quidem
688 1535 793 1572 ratio
807 1534 1023 1586 perspicua
1037 1538 1110 1578 est,
1140 1532 1212 1572 sed
1225 1532 1350 1572 verba
1368 1530 1494 1571 foedo

218 1584 316 1624 vitio
352 1588 622 1625 contaminata
664 1591 772 1627 sunt.
827 1587 904 1626 Est
939 1588 1042 1626 enim
1079 1588 1340 1639 pleonasmus
1378 1584 1494 1624 nullo

220 1644 339 1691 pacto
370 1639 589 1679 tolerabilis
617 1643 659 1679 in
687 1640 751 1679 his
787 1641 953 1687 „lancea
987 1647 1160 1695 cognata
1200 1646 1369 1693 pectora
1412 1638 1494 1678 telo

220 1694 421 1733 conserit“
466 1695 578 1748 quod
619 1695 724 1733 idem
768 1700 841 1741 est,
897 1708 944 1733 ac
984 1699 1017 1733 si
1062 1697 1152 1747 quis
1182 1694 1291 1733 dicat
1329 1694 1496 1740 „lancea

220 1752 393 1799 cognata
433 1753 600 1799 pectora
646 1750 822 1786 conserit
863 1748 1041 1789 lancea‘·.
1095 1748 1240 1798 Neque
1270 1760 1365 1786 vero
1411 1745 1496 1784 ulla

221 1815 302 1840 vox
330 1801 499 1855 subJecti
528 1804 615 1840 vice
642 1801 823 1855 fungitur
849 1802 890 1841 in
925 1801 1059 1841 verbis
1095 1801 1216 1849 „Exit
1251 1805 1291 1841 et
1333 1800 1376 1839 in
1415 1799 1496 1839 fra-

217 1862 317 1895 trem
347 1860 601 1908 cognataque
627 1861 795 1906 ‘pectora
823 1857 906 1894 telo
936 1856 1148 1895 Conserit“
1176 1852 1255 1892 nisi
1294 1867 1351 1898 ea,
1395 1866 1497 1904 quae

218 1914 281 1948 est
309 1911 352 1947 in
380 1908 711 1947 antecedentibus
740 1908 940 1947 collocata
968 1908 1052 1947 scil.
1079 1908 1232 1946 lancea.

326 1962 432 2012 Quid
462 1962 616 2002 multa?
644 1962 799 2002 Locum
827 1966 1060 2016 corruptum
1089 1975 1177 2001 esse
1189 1963 1319 2014 primo
1338 1961 1487 2000 obtutu

221 2023 402 2071 apparet,
439 2019 504 2055 cui
532 2017 668 2056 nescio
697 2030 748 2057 an
775 2030 860 2056 non
887 2017 1088 2055 meliorem
1124 2015 1318 2055 medelam
1352 2015 1493 2054 afferre

221 2072 367 2124 possis,
399 2083 518 2123 quam
548 2073 582 2109 si
611 2070 783 2109 scribas:

271 2126 386 2165 Pone
414 2127 549 2177 gravis
578 2136 721 2164 curvas
749 2123 959 2177 perfringit
986 2123 1125 2161 lancea
1154 2127 1291 2161 costas

272 2177 369 2223 Exit
396 2183 437 2217 et
462 2180 503 2216 in
531 2178 691 2217 fratrem
721 2183 974 2230 cognataque
1001 2182 1167 2227 pectora
1194 2177 1297 2216 leto

273 2230 459 2272 Conserit
474 2233 514 2279 ¹).

310 2423 335 2464 ¹)
358 2422 436 2455 Non
456 2428 567 2457 move-t
586 2434 638 2456 me
660 2423 852 2456 scholiastae
875 2421 1058 2460 auctoritas,
1082 2420 1171 2463 cuju
1193 2419 1415 2462 interpretatio
1429 2418 1497 2450 vul-

221 2470 327 2510 gntam
350 2466 540 2509 scripturam
561 2467 642 2500 tueri
664 2467 803 2499 videtur:
828 2464 929 2503 „Cum
951 2464 1051 2497 multa
1071 2466 1217 2507 gemeret
1230 2467 1353 2506 netgo
1365 2471 1498 2504 pereus-

222 2520 279 2541 su·
302 2514 353 2542 est
372 2513 404 2541 et
425 2509 532 2541 hostili
555 2511 661 2552 gladio
685 2509 813 2551 corpori
840 2508 949 2540 fratris
980 2507 1118 2540 affixufl“
1149 2505 1236 2547 quod
1267 2505 1414 2539 scholion
1445 2507 1501 2537 aut
